<TICKER>;<PER>;<DATE>;<TIME>;<LAST>;<VOL>
SBER;0;20160601;095947;132.360000000;400
SBER;0;20160601;095947;132.360000000;100
SBER;0;20160601;095947;132.360000000;10
SBER;0;20160601;095947;132.360000000;10
SBER;0;20160601;095947;132.360000000;4880
SBER;0;20160601;095947;132.360000000;120
SBER;0;20160601;095947;132.360000000;10
SBER;0;20160601;095947;132.360000000;1000
SBER;0;20160601;095947;132.360000000;10
SBER;0;20160601;095947;132.360000000;180
SBER;0;20160601;095947;132.360000000;320
SBER;0;20160601;095947;132.360000000;2160
SBER;0;20160601;095947;132.360000000;1720
SBER;0;20160601;095947;132.360000000;10
SBER;0;20160601;095947;132.360000000;10
SBER;0;20160601;095947;132.360000000;220
SBER;0;20160601;095947;132.360000000;10
SBER;0;20160601;095947;132.360000000;10
SBER;0;20160601;095947;132.360000000;1840
SBER;0;20160601;095947;132.360000000;960
SBER;0;20160601;095947;132.360000000;10
SBER;0;20160601;095947;132.360000000;10
SBER;0;20160601;095947;132.360000000;800
SBER;0;20160601;095947;132.360000000;10
SBER;0;20160601;095947;132.360000000;20
SBER;0;20160601;095947;132.360000000;200
SBER;0;20160601;095947;132.360000000;5000
SBER;0;20160601;095947;132.360000000;3000
SBER;0;20160601;095947;132.360000000;380
SBER;0;20160601;095947;132.360000000;1200
SBER;0;20160601;095947;132.360000000;100
SBER;0;20160601;095947;132.360000000;100
SBER;0;20160601;095947;132.360000000;10
SBER;0;20160601;095947;132.360000000;10
SBER;0;20160601;095947;132.360000000;50
SBER;0;20160601;095947;132.360000000;50
SBER;0;20160601;095947;132.360000000;50
SBER;0;20160601;095947;132.360000000;5000
SBER;0;20160601;095947;132.360000000;10
SBER;0;20160601;095947;132.360000000;10
SBER;0;20160601;095947;132.360000000;10
SBER;0;20160601;095947;132.360000000;200
SBER;0;20160601;095947;132.360000000;10
SBER;0;20160601;095947;132.360000000;10
SBER;0;20160601;095947;132.360000000;10
SBER;0;20160601;095947;132.360000000;500
SBER;0;20160601;095947;132.360000000;50
SBER;0;20160601;095947;132.360000000;20
SBER;0;20160601;095947;132.360000000;780
SBER;0;20160601;095947;132.360000000;10
SBER;0;20160601;095947;132.360000000;1000
SBER;0;20160601;095947;132.360000000;50
SBER;0;20160601;095947;132.360000000;1000
SBER;0;20160601;095947;132.360000000;880
SBER;0;20160601;095947;132.360000000;10
SBER;0;20160601;095947;132.360000000;1000
SBER;0;20160601;095947;132.360000000;270
SBER;0;20160601;095947;132.360000000;10
SBER;0;20160601;095947;132.360000000;300
SBER;0;20160601;095947;132.360000000;10
SBER;0;20160601;095947;132.360000000;50
SBER;0;20160601;095947;132.360000000;10
SBER;0;20160601;095947;132.360000000;10
SBER;0;20160601;095947;132.360000000;50
SBER;0;20160601;095947;132.360000000;290
SBER;0;20160601;095947;132.360000000;210
SBER;0;20160601;095947;132.360000000;50
SBER;0;20160601;095947;132.360000000;50
SBER;0;20160601;095947;132.360000000;10
SBER;0;20160601;095947;132.360000000;10
SBER;0;20160601;095947;132.360000000;10
SBER;0;20160601;095947;132.360000000;660
SBER;0;20160601;095947;132.360000000;500
SBER;0;20160601;095947;132.360000000;2900
SBER;0;20160601;095947;132.360000000;940
SBER;0;20160601;095947;132.360000000;50
SBER;0;20160601;095947;132.360000000;10
SBER;0;20160601;095947;132.360000000;10
SBER;0;20160601;095947;132.360000000;50
SBER;0;20160601;100000;132.360000000;940
SBER;0;20160601;100000;132.400000000;50
SBER;0;20160601;100000;132.400000000;200
SBER;0;20160601;100000;132.410000000;3470
SBER;0;20160601;100000;132.350000000;10
SBER;0;20160601;100000;132.350000000;20
SBER;0;20160601;100000;132.330000000;60
SBER;0;20160601;100000;132.320000000;100
SBER;0;20160601;100000;132.320000000;50
SBER;0;20160601;100000;132.320000000;160
SBER;0;20160601;100000;132.320000000;200
SBER;0;20160601;100000;132.320000000;450
SBER;0;20160601;100000;132.320000000;190
SBER;0;20160601;100000;132.310000000;30
SBER;0;20160601;100000;132.310000000;50
SBER;0;20160601;100000;132.310000000;50
SBER;0;20160601;100000;132.310000000;30
SBER;0;20160601;100000;132.310000000;2000
SBER;0;20160601;100000;132.310000000;360
SBER;0;20160601;100000;132.310000000;1640
SBER;0;20160601;100000;132.310000000;1500
SBER;0;20160601;100000;132.310000000;1420
SBER;0;20160601;100000;132.310000000;80
SBER;0;20160601;100000;132.300000000;10
SBER;0;20160601;100000;132.300000000;10
SBER;0;20160601;100000;132.300000000;10
SBER;0;20160601;100000;132.300000000;50
SBER;0;20160601;100000;132.300000000;10
SBER;0;20160601;100000;132.300000000;20
SBER;0;20160601;100000;132.300000000;1190
SBER;0;20160601;100000;132.300000000;4810
SBER;0;20160601;100000;132.260000000;60
SBER;0;20160601;100000;132.250000000;10
SBER;0;20160601;100000;132.250000000;60
SBER;0;20160601;100000;132.250000000;20
SBER;0;20160601;100000;132.230000000;50
SBER;0;20160601;100000;132.230000000;50
SBER;0;20160601;100000;132.220000000;100
SBER;0;20160601;100000;132.220000000;300
SBER;0;20160601;100000;132.220000000;50
SBER;0;20160601;100000;132.210000000;50
SBER;0;20160601;100000;132.210000000;30
SBER;0;20160601;100000;132.210000000;910
SBER;0;20160601;100000;132.210000000;90
SBER;0;20160601;100000;132.200000000;10
SBER;0;20160601;100000;132.200000000;10
SBER;0;20160601;100000;132.200000000;10
SBER;0;20160601;100000;132.200000000;60
SBER;0;20160601;100000;132.200000000;20
SBER;0;20160601;100000;132.200000000;80
SBER;0;20160601;100000;132.200000000;500
SBER;0;20160601;100000;132.200000000;70
SBER;0;20160601;100000;132.200000000;50
SBER;0;20160601;100000;132.200000000;30
SBER;0;20160601;100000;132.200000000;5000
SBER;0;20160601;100000;132.160000000;50
SBER;0;20160601;100000;132.160000000;10
SBER;0;20160601;100000;132.150000000;10
SBER;0;20160601;100000;132.130000000;100
SBER;0;20160601;100000;132.130000000;240
SBER;0;20160601;100000;132.120000000;10
SBER;0;20160601;100000;132.120000000;10
SBER;0;20160601;100000;132.120000000;50
SBER;0;20160601;100000;132.110000000;100
SBER;0;20160601;100000;132.110000000;10
SBER;0;20160601;100000;132.110000000;50
SBER;0;20160601;100000;132.110000000;30
SBER;0;20160601;100000;132.100000000;10
SBER;0;20160601;100000;132.100000000;10
SBER;0;20160601;100000;132.100000000;1210
SBER;0;20160601;100000;132.100000000;1290
SBER;0;20160601;100000;132.100000000;30
SBER;0;20160601;100000;132.100000000;970
SBER;0;20160601;100000;132.100000000;50
SBER;0;20160601;100000;132.100000000;50
SBER;0;20160601;100000;132.100000000;50
SBER;0;20160601;100000;132.100000000;150
SBER;0;20160601;100000;132.100000000;10
SBER;0;20160601;100000;132.080000000;480
SBER;0;20160601;100000;132.080000000;360
SBER;0;20160601;100000;132.400000000;100
SBER;0;20160601;100000;132.360000000;10
SBER;0;20160601;100000;132.360000000;190
SBER;0;20160601;100000;132.360000000;240
SBER;0;20160601;100000;132.360000000;50
SBER;0;20160601;100000;132.410000000;80
SBER;0;20160601;100000;132.360000000;10
SBER;0;20160601;100000;132.360000000;140
SBER;0;20160601;100000;132.360000000;60
SBER;0;20160601;100000;132.370000000;400
SBER;0;20160601;100000;132.410000000;1000
SBER;0;20160601;100000;132.400000000;300
SBER;0;20160601;100000;132.400000000;700
SBER;0;20160601;100000;132.390000000;1000
SBER;0;20160601;100000;132.380000000;1000
SBER;0;20160601;100000;132.370000000;300
SBER;0;20160601;100000;132.370000000;300
SBER;0;20160601;100000;132.360000000;540
SBER;0;20160601;100000;132.350000000;30
SBER;0;20160601;100000;132.330000000;160
SBER;0;20160601;100000;132.150000000;3780
SBER;0;20160601;100000;132.140000000;2630
SBER;0;20160601;100000;132.090000000;5670
SBER;0;20160601;100000;132.080000000;600
SBER;0;20160601;100000;132.080000000;1000
SBER;0;20160601;100000;132.080000000;7560
SBER;0;20160601;100000;132.070000000;7730
SBER;0;20160601;100001;132.290000000;100
SBER;0;20160601;100001;132.400000000;5000
SBER;0;20160601;100001;132.400000000;2020
SBER;0;20160601;100001;132.390000000;20
SBER;0;20160601;100001;132.400000000;540
SBER;0;20160601;100001;132.400000000;11340
SBER;0;20160601;100001;132.400000000;200
SBER;0;20160601;100001;132.410000000;500
SBER;0;20160601;100001;132.400000000;10
SBER;0;20160601;100001;132.400000000;70
SBER;0;20160601;100001;132.400000000;1000
SBER;0;20160601;100001;132.410000000;590
SBER;0;20160601;100001;132.400000000;400
SBER;0;20160601;100001;132.400000000;130
SBER;0;20160601;100001;132.270000000;470
SBER;0;20160601;100001;132.270000000;1890
SBER;0;20160601;100001;132.240000000;3000
SBER;0;20160601;100001;132.210000000;2510
SBER;0;20160601;100001;132.400000000;10
SBER;0;20160601;100001;132.210000000;50
SBER;0;20160601;100001;132.210000000;440
SBER;0;20160601;100001;132.110000000;550
SBER;0;20160601;100001;132.230000000;90
SBER;0;20160601;100001;132.230000000;10
SBER;0;20160601;100001;132.330000000;10
SBER;0;20160601;100001;132.270000000;100
SBER;0;20160601;100001;132.230000000;100
SBER;0;20160601;100001;132.230000000;150
SBER;0;20160601;100001;132.310000000;10
SBER;0;20160601;100001;132.160000000;6500
SBER;0;20160601;100001;132.160000000;330
SBER;0;20160601;100001;132.160000000;60
SBER;0;20160601;100001;132.160000000;400
SBER;0;20160601;100001;132.310000000;530
SBER;0;20160601;100001;132.320000000;470
SBER;0;20160601;100001;132.160000000;100
SBER;0;20160601;100001;132.320000000;50
SBER;0;20160601;100002;132.170000000;100
SBER;0;20160601;100002;132.170000000;330
SBER;0;20160601;100002;132.190000000;10
SBER;0;20160601;100002;132.300000000;20
SBER;0;20160601;100002;132.320000000;380
SBER;0;20160601;100002;132.320000000;900
SBER;0;20160601;100002;132.320000000;90
SBER;0;20160601;100002;132.340000000;4600
SBER;0;20160601;100002;132.340000000;600
SBER;0;20160601;100002;132.340000000;200
SBER;0;20160601;100002;132.340000000;400
SBER;0;20160601;100002;132.320000000;190
SBER;0;20160601;100002;132.320000000;780
SBER;0;20160601;100002;132.230000000;50
SBER;0;20160601;100002;132.190000000;9170
SBER;0;20160601;100002;132.340000000;700
SBER;0;20160601;100002;132.390000000;4300
SBER;0;20160601;100002;132.390000000;3100
SBER;0;20160601;100002;132.410000000;1900
SBER;0;20160601;100002;132.160000000;40
SBER;0;20160601;100002;132.160000000;10
SBER;0;20160601;100002;132.120000000;10
SBER;0;20160601;100002;132.080000000;180
SBER;0;20160601;100002;132.400000000;100
SBER;0;20160601;100002;132.400000000;80
SBER;0;20160601;100002;132.410000000;3920
SBER;0;20160601;100002;132.240000000;500
SBER;0;20160601;100002;132.230000000;1500
SBER;0;20160601;100003;132.300000000;70
SBER;0;20160601;100003;132.350000000;430
SBER;0;20160601;100003;132.350000000;10
SBER;0;20160601;100003;132.350000000;400
SBER;0;20160601;100003;132.350000000;20
SBER;0;20160601;100003;132.350000000;140
SBER;0;20160601;100003;132.410000000;1540
SBER;0;20160601;100003;132.410000000;460
SBER;0;20160601;100003;132.350000000;20
SBER;0;20160601;100004;132.410000000;450
SBER;0;20160601;100004;132.410000000;1960
SBER;0;20160601;100004;132.350000000;100
SBER;0;20160601;100004;132.350000000;900
SBER;0;20160601;100004;132.220000000;110
SBER;0;20160601;100004;132.190000000;50
SBER;0;20160601;100004;132.190000000;940
SBER;0;20160601;100004;132.440000000;500
SBER;0;20160601;100004;132.440000000;480
SBER;0;20160601;100004;132.440000000;380
SBER;0;20160601;100004;132.350000000;200
SBER;0;20160601;100005;132.320000000;360
SBER;0;20160601;100005;132.320000000;240
SBER;0;20160601;100005;132.350000000;300
SBER;0;20160601;100005;132.350000000;10
SBER;0;20160601;100006;132.400000000;1000
SBER;0;20160601;100006;132.400000000;1000
SBER;0;20160601;100006;132.440000000;50
SBER;0;20160601;100006;132.450000000;10
SBER;0;20160601;100006;132.450000000;250
SBER;0;20160601;100006;132.450000000;500
SBER;0;20160601;100006;132.440000000;50
SBER;0;20160601;100006;132.460000000;130
SBER;0;20160601;100006;132.460000000;870
SBER;0;20160601;100006;132.470000000;320
SBER;0;20160601;100006;132.490000000;10
SBER;0;20160601;100006;132.490000000;20
SBER;0;20160601;100006;132.490000000;920
SBER;0;20160601;100006;132.390000000;100
SBER;0;20160601;100006;132.350000000;1430
SBER;0;20160601;100006;132.300000000;70
SBER;0;20160601;100006;132.300000000;110
SBER;0;20160601;100006;132.240000000;1000
SBER;0;20160601;100007;132.300000000;480
SBER;0;20160601;100007;132.300000000;410
SBER;0;20160601;100007;132.300000000;15890
SBER;0;20160601;100007;132.270000000;500
SBER;0;20160601;100007;132.270000000;160
SBER;0;20160601;100007;132.260000000;500
SBER;0;20160601;100007;132.250000000;1290
SBER;0;20160601;100007;132.240000000;500
SBER;0;20160601;100007;132.240000000;11340
SBER;0;20160601;100007;132.230000000;3000
SBER;0;20160601;100007;132.220000000;7560
SBER;0;20160601;100007;132.210000000;10000
SBER;0;20160601;100007;132.210000000;30
SBER;0;20160601;100007;132.210000000;3000
SBER;0;20160601;100007;132.200000000;4700
SBER;0;20160601;100007;132.170000000;2410
SBER;0;20160601;100007;132.170000000;10
SBER;0;20160601;100007;132.160000000;15000
SBER;0;20160601;100007;132.260000000;2000
SBER;0;20160601;100007;132.340000000;720
SBER;0;20160601;100008;132.300000000;200
SBER;0;20160601;100008;132.330000000;7560
SBER;0;20160601;100008;132.330000000;1000
SBER;0;20160601;100008;132.330000000;5660
SBER;0;20160601;100008;132.210000000;1000
SBER;0;20160601;100008;132.200000000;330
SBER;0;20160601;100008;132.160000000;1170
SBER;0;20160601;100008;132.170000000;370
SBER;0;20160601;100008;132.260000000;200
SBER;0;20160601;100008;132.270000000;940
SBER;0;20160601;100009;132.260000000;200
SBER;0;20160601;100009;132.250000000;150
SBER;0;20160601;100009;132.250000000;150
SBER;0;20160601;100010;132.230000000;200
SBER;0;20160601;100010;132.230000000;300
SBER;0;20160601;100010;132.230000000;10
SBER;0;20160601;100010;132.230000000;2750
SBER;0;20160601;100010;132.230000000;10
SBER;0;20160601;100011;132.230000000;200
SBER;0;20160601;100011;132.250000000;300
SBER;0;20160601;100011;132.240000000;200
SBER;0;20160601;100011;132.200000000;20
SBER;0;20160601;100011;132.150000000;200
SBER;0;20160601;100011;132.150000000;200
SBER;0;20160601;100011;132.150000000;200
SBER;0;20160601;100011;132.150000000;200
SBER;0;20160601;100011;132.150000000;200
SBER;0;20160601;100011;132.150000000;200
SBER;0;20160601;100011;132.150000000;200
SBER;0;20160601;100011;132.150000000;200
SBER;0;20160601;100011;132.150000000;200
SBER;0;20160601;100011;132.150000000;200
SBER;0;20160601;100011;132.150000000;200
SBER;0;20160601;100011;132.150000000;200
SBER;0;20160601;100011;132.150000000;200
SBER;0;20160601;100011;132.150000000;200
SBER;0;20160601;100011;132.150000000;200
SBER;0;20160601;100011;132.150000000;200
SBER;0;20160601;100011;132.150000000;200
SBER;0;20160601;100011;132.150000000;200
SBER;0;20160601;100011;132.150000000;3400
SBER;0;20160601;100012;132.070000000;200
SBER;0;20160601;100012;132.070000000;200
SBER;0;20160601;100012;132.070000000;200
SBER;0;20160601;100012;132.070000000;1000
SBER;0;20160601;100012;132.070000000;200
SBER;0;20160601;100012;132.070000000;200
SBER;0;20160601;100012;132.070000000;200
SBER;0;20160601;100012;132.070000000;70
SBER;0;20160601;100012;132.070000000;50
SBER;0;20160601;100012;132.070000000;100
SBER;0;20160601;100012;132.060000000;1000
SBER;0;20160601;100012;132.060000000;10
SBER;0;20160601;100012;132.060000000;570
SBER;0;20160601;100012;132.060000000;90
SBER;0;20160601;100012;132.060000000;30
SBER;0;20160601;100012;132.060000000;10
SBER;0;20160601;100012;132.060000000;50
SBER;0;20160601;100012;132.050000000;10
SBER;0;20160601;100012;132.050000000;10
SBER;0;20160601;100012;132.050000000;580
SBER;0;20160601;100012;132.050000000;200
SBER;0;20160601;100012;132.050000000;200
SBER;0;20160601;100012;132.050000000;200
SBER;0;20160601;100012;132.050000000;200
SBER;0;20160601;100012;132.050000000;200
SBER;0;20160601;100012;132.050000000;200
SBER;0;20160601;100012;132.050000000;200
SBER;0;20160601;100012;132.050000000;200
SBER;0;20160601;100012;132.050000000;200
SBER;0;20160601;100012;132.050000000;200
SBER;0;20160601;100012;132.050000000;200
SBER;0;20160601;100012;132.050000000;200
SBER;0;20160601;100012;132.050000000;200
SBER;0;20160601;100012;132.050000000;200
SBER;0;20160601;100012;132.050000000;200
SBER;0;20160601;100012;132.050000000;200
SBER;0;20160601;100012;132.050000000;200
SBER;0;20160601;100012;132.050000000;200
SBER;0;20160601;100012;132.050000000;200
SBER;0;20160601;100012;132.050000000;200
SBER;0;20160601;100012;132.050000000;200
SBER;0;20160601;100012;132.050000000;200
SBER;0;20160601;100012;132.050000000;200
SBER;0;20160601;100012;132.050000000;200
SBER;0;20160601;100012;132.050000000;200
SBER;0;20160601;100012;132.050000000;200
SBER;0;20160601;100012;132.050000000;200
SBER;0;20160601;100012;132.050000000;200
SBER;0;20160601;100012;132.050000000;200
SBER;0;20160601;100012;132.050000000;200
SBER;0;20160601;100012;132.050000000;200
SBER;0;20160601;100012;132.050000000;200
SBER;0;20160601;100012;132.050000000;200
SBER;0;20160601;100012;132.050000000;200
SBER;0;20160601;100012;132.050000000;200
SBER;0;20160601;100012;132.050000000;300
SBER;0;20160601;100012;132.050000000;200
SBER;0;20160601;100012;132.050000000;200
SBER;0;20160601;100012;132.050000000;400
SBER;0;20160601;100012;132.060000000;150
SBER;0;20160601;100012;132.060000000;50
SBER;0;20160601;100012;132.050000000;200
SBER;0;20160601;100012;132.050000000;200
SBER;0;20160601;100012;132.050000000;200
SBER;0;20160601;100012;132.050000000;200
SBER;0;20160601;100012;132.050000000;200
SBER;0;20160601;100012;132.050000000;200
SBER;0;20160601;100012;132.050000000;120
SBER;0;20160601;100012;132.050000000;80
SBER;0;20160601;100012;132.050000000;80
SBER;0;20160601;100012;132.050000000;50
SBER;0;20160601;100012;132.050000000;70
SBER;0;20160601;100012;132.050000000;500
SBER;0;20160601;100012;132.050000000;200
SBER;0;20160601;100012;132.050000000;200
SBER;0;20160601;100012;132.050000000;200
SBER;0;20160601;100012;132.050000000;200
SBER;0;20160601;100012;132.050000000;200
SBER;0;20160601;100012;132.050000000;200
SBER;0;20160601;100012;132.050000000;200
SBER;0;20160601;100012;132.050000000;200
SBER;0;20160601;100012;132.050000000;200
SBER;0;20160601;100012;132.050000000;200
SBER;0;20160601;100012;132.050000000;200
SBER;0;20160601;100012;132.050000000;470
SBER;0;20160601;100012;132.050000000;200
SBER;0;20160601;100012;132.050000000;200
SBER;0;20160601;100012;132.050000000;200
SBER;0;20160601;100012;132.050000000;200
SBER;0;20160601;100012;132.050000000;200
SBER;0;20160601;100012;132.050000000;200
SBER;0;20160601;100012;132.050000000;200
SBER;0;20160601;100012;132.050000000;200
SBER;0;20160601;100012;132.050000000;200
SBER;0;20160601;100012;132.050000000;200
SBER;0;20160601;100012;132.050000000;200
SBER;0;20160601;100012;132.050000000;200
SBER;0;20160601;100012;132.050000000;200
SBER;0;20160601;100012;132.050000000;200
SBER;0;20160601;100012;132.050000000;200
SBER;0;20160601;100012;132.050000000;300
SBER;0;20160601;100012;132.050000000;500
SBER;0;20160601;100012;132.050000000;200
SBER;0;20160601;100012;132.050000000;200
SBER;0;20160601;100012;132.050000000;200
SBER;0;20160601;100012;132.050000000;200
SBER;0;20160601;100012;132.050000000;200
SBER;0;20160601;100012;132.050000000;200
SBER;0;20160601;100012;132.050000000;1100
SBER;0;20160601;100012;132.100000000;1000
SBER;0;20160601;100012;132.100000000;500
SBER;0;20160601;100012;132.110000000;1000
SBER;0;20160601;100012;132.120000000;1000
SBER;0;20160601;100012;132.130000000;1170
SBER;0;20160601;100012;132.130000000;5330
SBER;0;20160601;100012;132.050000000;200
SBER;0;20160601;100012;132.050000000;2000
SBER;0;20160601;100013;132.150000000;500
SBER;0;20160601;100013;132.150000000;1000
SBER;0;20160601;100013;132.160000000;1000
SBER;0;20160601;100013;132.170000000;1000
SBER;0;20160601;100013;132.180000000;2500
SBER;0;20160601;100013;132.080000000;100
SBER;0;20160601;100013;132.080000000;50
SBER;0;20160601;100013;132.060000000;50
SBER;0;20160601;100013;132.140000000;370
SBER;0;20160601;100013;132.060000000;3600
SBER;0;20160601;100014;132.140000000;940
SBER;0;20160601;100014;132.140000000;10
SBER;0;20160601;100014;132.080000000;1000
SBER;0;20160601;100014;132.070000000;1000
SBER;0;20160601;100014;132.060000000;50
SBER;0;20160601;100014;132.060000000;1000
SBER;0;20160601;100014;132.050000000;38460
SBER;0;20160601;100014;132.050000000;400
SBER;0;20160601;100014;132.050000000;1000
SBER;0;20160601;100014;132.040000000;270
SBER;0;20160601;100015;132.110000000;310
SBER;0;20160601;100015;132.110000000;410
SBER;0;20160601;100015;132.110000000;90
SBER;0;20160601;100015;132.110000000;110
SBER;0;20160601;100015;132.140000000;50
SBER;0;20160601;100016;132.080000000;1000
SBER;0;20160601;100016;132.070000000;1250
SBER;0;20160601;100016;132.050000000;1250
SBER;0;20160601;100016;132.050000000;10
SBER;0;20160601;100016;132.040000000;730
SBER;0;20160601;100016;132.040000000;50
SBER;0;20160601;100016;132.040000000;9540
SBER;0;20160601;100016;132.030000000;350
SBER;0;20160601;100016;132.030000000;50
SBER;0;20160601;100016;132.030000000;2000
SBER;0;20160601;100016;132.030000000;50
SBER;0;20160601;100016;132.030000000;20
SBER;0;20160601;100016;132.030000000;50
SBER;0;20160601;100016;132.030000000;1980
SBER;0;20160601;100016;132.020000000;10000
SBER;0;20160601;100016;132.020000000;1000
SBER;0;20160601;100016;132.020000000;20
SBER;0;20160601;100016;132.020000000;50
SBER;0;20160601;100016;132.020000000;100
SBER;0;20160601;100016;132.010000000;10
SBER;0;20160601;100016;132.010000000;1000
SBER;0;20160601;100016;132.010000000;50
SBER;0;20160601;100016;132.010000000;10
SBER;0;20160601;100016;132.010000000;40
SBER;0;20160601;100016;132.010000000;9390
SBER;0;20160601;100016;132.120000000;450
SBER;0;20160601;100016;132.150000000;10
SBER;0;20160601;100016;132.070000000;500
SBER;0;20160601;100016;132.060000000;100
SBER;0;20160601;100016;132.060000000;1150
SBER;0;20160601;100016;132.040000000;1250
SBER;0;20160601;100016;132.030000000;2500
SBER;0;20160601;100016;132.020000000;1250
SBER;0;20160601;100016;132.010000000;29430
SBER;0;20160601;100017;132.120000000;880
SBER;0;20160601;100017;132.040000000;70
SBER;0;20160601;100017;132.110000000;10000
SBER;0;20160601;100017;132.110000000;20
SBER;0;20160601;100017;132.110000000;5000
SBER;0;20160601;100017;132.130000000;130
SBER;0;20160601;100017;132.110000000;6000
SBER;0;20160601;100018;132.180000000;1250
SBER;0;20160601;100018;132.180000000;490
SBER;0;20160601;100018;132.190000000;260
SBER;0;20160601;100018;132.160000000;50
SBER;0;20160601;100018;132.180000000;1250
SBER;0;20160601;100018;132.180000000;240
SBER;0;20160601;100018;132.150000000;110
SBER;0;20160601;100019;132.190000000;100
SBER;0;20160601;100019;132.190000000;200
SBER;0;20160601;100019;132.120000000;550
SBER;0;20160601;100020;132.140000000;200
SBER;0;20160601;100020;132.150000000;10800
SBER;0;20160601;100020;132.140000000;200
SBER;0;20160601;100020;132.140000000;760
SBER;0;20160601;100020;132.110000000;40
SBER;0;20160601;100020;132.110000000;150
SBER;0;20160601;100021;132.110000000;1250
SBER;0;20160601;100021;132.140000000;790
SBER;0;20160601;100021;132.150000000;9200
SBER;0;20160601;100021;132.160000000;1000
SBER;0;20160601;100021;132.170000000;3000
SBER;0;20160601;100021;132.170000000;1000
SBER;0;20160601;100021;132.180000000;1000
SBER;0;20160601;100021;132.190000000;1250
SBER;0;20160601;100021;132.190000000;1000
SBER;0;20160601;100021;132.200000000;1000
SBER;0;20160601;100021;132.210000000;3000
SBER;0;20160601;100021;132.210000000;1000
SBER;0;20160601;100021;132.210000000;1000
SBER;0;20160601;100021;132.210000000;200
SBER;0;20160601;100021;132.210000000;200
SBER;0;20160601;100021;132.210000000;10000
SBER;0;20160601;100021;132.210000000;1800
SBER;0;20160601;100021;132.210000000;10
SBER;0;20160601;100022;132.210000000;990
SBER;0;20160601;100022;132.250000000;450
SBER;0;20160601;100022;132.250000000;500
SBER;0;20160601;100022;132.250000000;200
SBER;0;20160601;100022;132.210000000;400
SBER;0;20160601;100022;132.210000000;2920
SBER;0;20160601;100022;132.210000000;12290
SBER;0;20160601;100022;132.210000000;14240
SBER;0;20160601;100022;132.210000000;550
SBER;0;20160601;100022;132.210000000;10000
SBER;0;20160601;100022;132.210000000;2920
SBER;0;20160601;100022;132.210000000;1550
SBER;0;20160601;100022;132.210000000;300
SBER;0;20160601;100022;132.210000000;4700
SBER;0;20160601;100022;132.210000000;7440
SBER;0;20160601;100022;132.210000000;5000
SBER;0;20160601;100022;132.210000000;250
SBER;0;20160601;100023;132.160000000;200
SBER;0;20160601;100023;132.150000000;800
SBER;0;20160601;100023;132.140000000;790
SBER;0;20160601;100023;132.130000000;1000
SBER;0;20160601;100023;132.120000000;1000
SBER;0;20160601;100023;132.110000000;7210
SBER;0;20160601;100024;132.180000000;1000
SBER;0;20160601;100024;132.120000000;1000
SBER;0;20160601;100024;132.110000000;8000
SBER;0;20160601;100024;132.170000000;40
SBER;0;20160601;100025;132.190000000;1250
SBER;0;20160601;100025;132.190000000;1000
SBER;0;20160601;100025;132.130000000;1000
SBER;0;20160601;100025;132.120000000;1000
SBER;0;20160601;100025;132.120000000;10
SBER;0;20160601;100025;132.110000000;240
SBER;0;20160601;100026;132.160000000;200
SBER;0;20160601;100026;132.120000000;890
SBER;0;20160601;100026;132.110000000;1610
SBER;0;20160601;100027;132.140000000;100
SBER;0;20160601;100027;132.140000000;10
SBER;0;20160601;100027;132.140000000;210
SBER;0;20160601;100027;132.180000000;1870
SBER;0;20160601;100028;132.200000000;100
SBER;0;20160601;100028;132.200000000;20
SBER;0;20160601;100028;132.200000000;1000
SBER;0;20160601;100028;132.200000000;300
SBER;0;20160601;100028;132.200000000;270
SBER;0;20160601;100028;132.200000000;2620
SBER;0;20160601;100028;132.210000000;1250
SBER;0;20160601;100028;132.230000000;1250
SBER;0;20160601;100028;132.230000000;1000
SBER;0;20160601;100028;132.240000000;1000
SBER;0;20160601;100028;132.240000000;7790
SBER;0;20160601;100028;132.240000000;13810
SBER;0;20160601;100028;132.260000000;1020
SBER;0;20160601;100028;132.260000000;30
SBER;0;20160601;100028;132.260000000;1000
SBER;0;20160601;100028;132.270000000;3000
SBER;0;20160601;100028;132.270000000;1000
SBER;0;20160601;100028;132.270000000;1000
SBER;0;20160601;100028;132.280000000;1000
SBER;0;20160601;100028;132.290000000;3000
SBER;0;20160601;100028;132.290000000;1000
SBER;0;20160601;100028;132.300000000;1000
SBER;0;20160601;100028;132.310000000;1000
SBER;0;20160601;100028;132.310000000;11340
SBER;0;20160601;100028;132.320000000;3000
SBER;0;20160601;100028;132.320000000;500
SBER;0;20160601;100028;132.320000000;15000
SBER;0;20160601;100028;132.320000000;1000
SBER;0;20160601;100028;132.330000000;200
SBER;0;20160601;100028;132.330000000;800
SBER;0;20160601;100028;132.330000000;500
SBER;0;20160601;100028;132.330000000;1000
SBER;0;20160601;100028;132.340000000;1000
SBER;0;20160601;100028;132.350000000;3000
SBER;0;20160601;100028;132.350000000;1000
SBER;0;20160601;100028;132.360000000;70
SBER;0;20160601;100028;132.390000000;5000
SBER;0;20160601;100028;132.390000000;7410
SBER;0;20160601;100028;132.330000000;1000
SBER;0;20160601;100028;132.340000000;1000
SBER;0;20160601;100028;132.380000000;1000
SBER;0;20160601;100028;132.390000000;1000
SBER;0;20160601;100028;132.390000000;7560
SBER;0;20160601;100028;132.400000000;1500
SBER;0;20160601;100028;132.400000000;1000
SBER;0;20160601;100028;132.400000000;1000
SBER;0;20160601;100028;132.410000000;50000
SBER;0;20160601;100028;132.410000000;30
SBER;0;20160601;100028;132.430000000;320
SBER;0;20160601;100028;132.430000000;4680
SBER;0;20160601;100028;132.460000000;3840
SBER;0;20160601;100028;132.430000000;680
SBER;0;20160601;100028;132.430000000;980
SBER;0;20160601;100028;132.460000000;660
SBER;0;20160601;100028;132.440000000;800
SBER;0;20160601;100028;132.470000000;5000
SBER;0;20160601;100028;132.480000000;1000
SBER;0;20160601;100028;132.440000000;200
SBER;0;20160601;100028;132.440000000;500
SBER;0;20160601;100028;132.440000000;500
SBER;0;20160601;100028;132.440000000;1000
SBER;0;20160601;100028;132.430000000;650
SBER;0;20160601;100028;132.440000000;300
SBER;0;20160601;100028;132.470000000;20
SBER;0;20160601;100028;132.410000000;400
SBER;0;20160601;100029;132.330000000;3000
SBER;0;20160601;100029;132.320000000;760
SBER;0;20160601;100029;132.320000000;1000
SBER;0;20160601;100029;132.320000000;1000
SBER;0;20160601;100029;132.310000000;3000
SBER;0;20160601;100029;132.310000000;1000
SBER;0;20160601;100029;132.300000000;240
SBER;0;20160601;100029;132.320000000;1250
SBER;0;20160601;100029;132.310000000;4970
SBER;0;20160601;100029;132.390000000;1250
SBER;0;20160601;100029;132.390000000;4970
SBER;0;20160601;100029;132.400000000;3000
SBER;0;20160601;100029;132.400000000;380
SBER;0;20160601;100029;132.400000000;200
SBER;0;20160601;100029;132.400000000;1000
SBER;0;20160601;100029;132.410000000;1250
SBER;0;20160601;100029;132.410000000;1000
SBER;0;20160601;100029;132.420000000;1000
SBER;0;20160601;100029;132.430000000;1250
SBER;0;20160601;100029;132.430000000;1000
SBER;0;20160601;100029;132.440000000;2500
SBER;0;20160601;100029;132.440000000;1000
SBER;0;20160601;100029;132.450000000;800
SBER;0;20160601;100030;132.320000000;150
SBER;0;20160601;100031;132.380000000;10
SBER;0;20160601;100031;132.320000000;90
SBER;0;20160601;100031;132.320000000;1830
SBER;0;20160601;100032;132.370000000;500
SBER;0;20160601;100032;132.380000000;1950
SBER;0;20160601;100032;132.400000000;1000
SBER;0;20160601;100032;132.410000000;320
SBER;0;20160601;100032;132.410000000;100
SBER;0;20160601;100032;132.440000000;1000
SBER;0;20160601;100032;132.450000000;450
SBER;0;20160601;100032;132.450000000;510
SBER;0;20160601;100032;132.460000000;1000
SBER;0;20160601;100032;132.490000000;80
SBER;0;20160601;100032;132.490000000;920
SBER;0;20160601;100032;132.480000000;1000
SBER;0;20160601;100032;132.490000000;80
SBER;0;20160601;100032;132.500000000;1000
SBER;0;20160601;100032;132.500000000;1000
SBER;0;20160601;100032;132.500000000;48000
SBER;0;20160601;100032;132.500000000;200
SBER;0;20160601;100032;132.500000000;150
SBER;0;20160601;100032;132.500000000;1000
SBER;0;20160601;100032;132.500000000;1000
SBER;0;20160601;100032;132.500000000;500
SBER;0;20160601;100032;132.500000000;1000
SBER;0;20160601;100032;132.510000000;320
SBER;0;20160601;100032;132.520000000;50
SBER;0;20160601;100032;132.530000000;20
SBER;0;20160601;100032;132.540000000;300
SBER;0;20160601;100032;132.540000000;630
SBER;0;20160601;100032;132.540000000;1000
SBER;0;20160601;100032;132.540000000;1000
SBER;0;20160601;100032;132.540000000;1000
SBER;0;20160601;100032;132.540000000;1000
SBER;0;20160601;100032;132.540000000;1000
SBER;0;20160601;100032;132.540000000;19680
SBER;0;20160601;100032;132.540000000;1000
SBER;0;20160601;100032;132.540000000;11810
SBER;0;20160601;100032;132.540000000;1000
SBER;0;20160601;100032;132.540000000;14900
SBER;0;20160601;100032;132.540000000;3000
SBER;0;20160601;100032;132.540000000;1000
SBER;0;20160601;100032;132.540000000;5000
SBER;0;20160601;100032;132.540000000;510
SBER;0;20160601;100032;132.540000000;100
SBER;0;20160601;100032;132.540000000;1000
SBER;0;20160601;100032;132.540000000;1000
SBER;0;20160601;100032;132.540000000;1000
SBER;0;20160601;100032;132.540000000;1000
SBER;0;20160601;100032;132.540000000;200
SBER;0;20160601;100032;132.540000000;500
SBER;0;20160601;100032;132.530000000;1000
SBER;0;20160601;100032;132.540000000;200
SBER;0;20160601;100032;132.540000000;500
SBER;0;20160601;100033;132.540000000;100
SBER;0;20160601;100033;132.530000000;250
SBER;0;20160601;100033;132.530000000;1000
SBER;0;20160601;100033;132.540000000;1000
SBER;0;20160601;100033;132.540000000;500
SBER;0;20160601;100033;132.540000000;200
SBER;0;20160601;100033;132.540000000;100
SBER;0;20160601;100033;132.540000000;200
SBER;0;20160601;100033;132.540000000;500
SBER;0;20160601;100033;132.540000000;200
SBER;0;20160601;100033;132.540000000;500
SBER;0;20160601;100033;132.530000000;10
SBER;0;20160601;100033;132.540000000;200
SBER;0;20160601;100033;132.530000000;1240
SBER;0;20160601;100033;132.530000000;1000
SBER;0;20160601;100033;132.540000000;500
SBER;0;20160601;100033;132.540000000;200
SBER;0;20160601;100033;132.540000000;500
SBER;0;20160601;100033;132.540000000;200
SBER;0;20160601;100033;132.540000000;500
SBER;0;20160601;100033;132.540000000;200
SBER;0;20160601;100033;132.540000000;500
SBER;0;20160601;100033;132.540000000;200
SBER;0;20160601;100033;132.540000000;200
SBER;0;20160601;100033;132.540000000;500
SBER;0;20160601;100033;132.540000000;500
SBER;0;20160601;100033;132.540000000;500
SBER;0;20160601;100033;132.540000000;200
SBER;0;20160601;100033;132.540000000;200
SBER;0;20160601;100033;132.540000000;200
SBER;0;20160601;100033;132.540000000;500
SBER;0;20160601;100033;132.540000000;500
SBER;0;20160601;100033;132.540000000;500
SBER;0;20160601;100033;132.540000000;500
SBER;0;20160601;100034;132.540000000;500
SBER;0;20160601;100034;132.540000000;500
SBER;0;20160601;100034;132.530000000;20
SBER;0;20160601;100034;132.540000000;500
SBER;0;20160601;100034;132.540000000;200
SBER;0;20160601;100034;132.540000000;500
SBER;0;20160601;100034;132.540000000;200
SBER;0;20160601;100034;132.540000000;500
SBER;0;20160601;100034;132.540000000;200
SBER;0;20160601;100034;132.540000000;500
SBER;0;20160601;100034;132.540000000;5000
SBER;0;20160601;100034;132.540000000;500
SBER;0;20160601;100034;132.530000000;1000
SBER;0;20160601;100034;132.530000000;500
SBER;0;20160601;100034;132.510000000;1250
SBER;0;20160601;100034;132.510000000;1000
SBER;0;20160601;100034;132.500000000;1000
SBER;0;20160601;100034;132.500000000;350
SBER;0;20160601;100034;132.540000000;1250
SBER;0;20160601;100034;132.540000000;20
SBER;0;20160601;100034;132.540000000;1230
SBER;0;20160601;100034;132.540000000;1250
SBER;0;20160601;100034;132.540000000;1250
SBER;0;20160601;100034;132.540000000;1250
SBER;0;20160601;100034;132.540000000;1010
SBER;0;20160601;100034;132.540000000;1250
SBER;0;20160601;100034;132.540000000;190
SBER;0;20160601;100034;132.550000000;10
SBER;0;20160601;100034;132.560000000;1000
SBER;0;20160601;100034;132.560000000;2900
SBER;0;20160601;100034;132.560000000;100
SBER;0;20160601;100034;132.600000000;20
SBER;0;20160601;100034;132.610000000;20
SBER;0;20160601;100034;132.610000000;5980
SBER;0;20160601;100034;132.600000000;490
SBER;0;20160601;100034;132.600000000;740
SBER;0;20160601;100034;132.590000000;360
SBER;0;20160601;100034;132.590000000;380
SBER;0;20160601;100035;132.580000000;1000
SBER;0;20160601;100035;132.600000000;700
SBER;0;20160601;100035;132.600000000;40
SBER;0;20160601;100035;132.610000000;60
SBER;0;20160601;100035;132.610000000;530
SBER;0;20160601;100035;132.580000000;60
SBER;0;20160601;100035;132.570000000;3000
SBER;0;20160601;100035;132.570000000;1000
SBER;0;20160601;100035;132.570000000;140
SBER;0;20160601;100035;132.570000000;1000
SBER;0;20160601;100035;132.570000000;60
SBER;0;20160601;100035;132.580000000;500
SBER;0;20160601;100035;132.580000000;200
SBER;0;20160601;100035;132.560000000;300
SBER;0;20160601;100035;132.610000000;6000
SBER;0;20160601;100035;132.580000000;200
SBER;0;20160601;100035;132.610000000;10
SBER;0;20160601;100035;132.580000000;500
SBER;0;20160601;100035;132.580000000;420
SBER;0;20160601;100035;132.580000000;80
SBER;0;20160601;100035;132.580000000;140
SBER;0;20160601;100035;132.580000000;60
SBER;0;20160601;100036;132.580000000;440
SBER;0;20160601;100036;132.600000000;10
SBER;0;20160601;100036;132.610000000;550
SBER;0;20160601;100036;132.580000000;10
SBER;0;20160601;100036;132.580000000;70
SBER;0;20160601;100036;132.580000000;70
SBER;0;20160601;100036;132.580000000;50
SBER;0;20160601;100036;132.560000000;960
SBER;0;20160601;100036;132.560000000;90
SBER;0;20160601;100036;132.560000000;910
SBER;0;20160601;100036;132.560000000;1000
SBER;0;20160601;100036;132.570000000;500
SBER;0;20160601;100036;132.610000000;100
SBER;0;20160601;100036;132.600000000;10
SBER;0;20160601;100036;132.560000000;500
SBER;0;20160601;100036;132.550000000;2260
SBER;0;20160601;100036;132.550000000;1000
SBER;0;20160601;100036;132.540000000;6240
SBER;0;20160601;100036;132.560000000;200
SBER;0;20160601;100036;132.560000000;1000
SBER;0;20160601;100036;132.550000000;1000
SBER;0;20160601;100036;132.540000000;680
SBER;0;20160601;100037;132.570000000;10
SBER;0;20160601;100037;132.540000000;12950
SBER;0;20160601;100037;132.540000000;17300
SBER;0;20160601;100037;132.530000000;300
SBER;0;20160601;100037;132.500000000;400
SBER;0;20160601;100037;132.470000000;430
SBER;0;20160601;100037;132.470000000;630
SBER;0;20160601;100038;132.440000000;1250
SBER;0;20160601;100038;132.440000000;1930
SBER;0;20160601;100038;132.420000000;1870
SBER;0;20160601;100038;132.430000000;1250
SBER;0;20160601;100038;132.440000000;1070
SBER;0;20160601;100038;132.440000000;810
SBER;0;20160601;100038;132.430000000;810
SBER;0;20160601;100038;132.430000000;1040
SBER;0;20160601;100039;132.410000000;1250
SBER;0;20160601;100039;132.400000000;180
SBER;0;20160601;100039;132.410000000;1250
SBER;0;20160601;100040;132.480000000;1250
SBER;0;20160601;100040;132.480000000;1000
SBER;0;20160601;100040;132.490000000;1000
SBER;0;20160601;100040;132.490000000;730
SBER;0;20160601;100040;132.500000000;1250
SBER;0;20160601;100040;132.500000000;200
SBER;0;20160601;100040;132.500000000;500
SBER;0;20160601;100040;132.510000000;50
SBER;0;20160601;100040;132.500000000;1250
SBER;0;20160601;100040;132.520000000;340
SBER;0;20160601;100040;132.460000000;140
SBER;0;20160601;100040;132.460000000;2860
SBER;0;20160601;100040;132.450000000;200
SBER;0;20160601;100040;132.450000000;1050
SBER;0;20160601;100041;132.490000000;320
SBER;0;20160601;100041;132.500000000;28960
SBER;0;20160601;100041;132.500000000;3000
SBER;0;20160601;100041;132.500000000;390
SBER;0;20160601;100041;132.490000000;10
SBER;0;20160601;100041;132.500000000;200
SBER;0;20160601;100041;132.500000000;500
SBER;0;20160601;100041;132.500000000;500
SBER;0;20160601;100041;132.500000000;500
SBER;0;20160601;100041;132.500000000;200
SBER;0;20160601;100041;132.500000000;500
SBER;0;20160601;100042;132.500000000;200
SBER;0;20160601;100042;132.500000000;1250
SBER;0;20160601;100042;132.500000000;1250
SBER;0;20160601;100042;132.500000000;660
SBER;0;20160601;100042;132.500000000;500
SBER;0;20160601;100042;132.500000000;11390
SBER;0;20160601;100042;132.520000000;490
SBER;0;20160601;100042;132.530000000;300
SBER;0;20160601;100042;132.610000000;420
SBER;0;20160601;100042;132.610000000;3050
SBER;0;20160601;100042;132.640000000;1250
SBER;0;20160601;100042;132.650000000;10
SBER;0;20160601;100042;132.660000000;1000
SBER;0;20160601;100042;132.660000000;1000
SBER;0;20160601;100042;132.660000000;1000
SBER;0;20160601;100042;132.660000000;570
SBER;0;20160601;100042;132.620000000;1000
SBER;0;20160601;100042;132.620000000;250
SBER;0;20160601;100042;132.550000000;20
SBER;0;20160601;100042;132.550000000;420
SBER;0;20160601;100042;132.550000000;810
SBER;0;20160601;100042;132.560000000;1370
SBER;0;20160601;100042;132.610000000;1000
SBER;0;20160601;100042;132.620000000;470
SBER;0;20160601;100042;132.620000000;10
SBER;0;20160601;100042;132.550000000;10
SBER;0;20160601;100042;132.550000000;480
SBER;0;20160601;100042;132.550000000;5530
SBER;0;20160601;100042;132.550000000;1250
SBER;0;20160601;100042;132.540000000;1000
SBER;0;20160601;100042;132.530000000;100
SBER;0;20160601;100042;132.530000000;1000
SBER;0;20160601;100042;132.520000000;1000
SBER;0;20160601;100042;132.520000000;5650
SBER;0;20160601;100043;132.610000000;10
SBER;0;20160601;100043;132.610000000;1250
SBER;0;20160601;100043;132.610000000;1110
SBER;0;20160601;100043;132.610000000;10
SBER;0;20160601;100044;132.560000000;200
SBER;0;20160601;100044;132.560000000;20
SBER;0;20160601;100044;132.600000000;700
SBER;0;20160601;100044;132.560000000;480
SBER;0;20160601;100044;132.600000000;1050
SBER;0;20160601;100044;132.600000000;800
SBER;0;20160601;100044;132.620000000;3000
SBER;0;20160601;100044;132.620000000;1000
SBER;0;20160601;100044;132.630000000;1050
SBER;0;20160601;100044;132.570000000;220
SBER;0;20160601;100044;132.620000000;3000
SBER;0;20160601;100044;132.630000000;200
SBER;0;20160601;100044;132.630000000;1000
SBER;0;20160601;100044;132.630000000;7190
SBER;0;20160601;100044;132.630000000;1250
SBER;0;20160601;100044;132.640000000;600
SBER;0;20160601;100044;132.640000000;1000
SBER;0;20160601;100044;132.650000000;150
SBER;0;20160601;100044;132.560000000;1050
SBER;0;20160601;100044;132.560000000;100
SBER;0;20160601;100044;132.570000000;1100
SBER;0;20160601;100044;132.620000000;1080
SBER;0;20160601;100044;132.610000000;500
SBER;0;20160601;100044;132.620000000;170
SBER;0;20160601;100044;132.620000000;1000
SBER;0;20160601;100044;132.630000000;1000
SBER;0;20160601;100044;132.640000000;1250
SBER;0;20160601;100044;132.640000000;100
SBER;0;20160601;100044;132.650000000;2850
SBER;0;20160601;100044;132.650000000;130
SBER;0;20160601;100044;132.560000000;10
SBER;0;20160601;100044;132.560000000;1250
SBER;0;20160601;100045;132.560000000;120
SBER;0;20160601;100045;132.560000000;120
SBER;0;20160601;100045;132.560000000;120
SBER;0;20160601;100045;132.560000000;500
SBER;0;20160601;100045;132.620000000;640
SBER;0;20160601;100045;132.650000000;2820
SBER;0;20160601;100045;132.620000000;1000
SBER;0;20160601;100045;132.620000000;1000
SBER;0;20160601;100045;132.620000000;3200
SBER;0;20160601;100045;132.570000000;200
SBER;0;20160601;100046;132.630000000;10
SBER;0;20160601;100046;132.640000000;1250
SBER;0;20160601;100046;132.650000000;1000
SBER;0;20160601;100046;132.660000000;1250
SBER;0;20160601;100046;132.660000000;1000
SBER;0;20160601;100046;132.660000000;4530
SBER;0;20160601;100046;132.660000000;960
SBER;0;20160601;100046;132.600000000;810
SBER;0;20160601;100046;132.600000000;190
SBER;0;20160601;100046;132.590000000;910
SBER;0;20160601;100046;132.590000000;340
SBER;0;20160601;100046;132.590000000;200
SBER;0;20160601;100046;132.590000000;200
SBER;0;20160601;100046;132.580000000;50
SBER;0;20160601;100046;132.630000000;1250
SBER;0;20160601;100046;132.640000000;1000
SBER;0;20160601;100046;132.650000000;750
SBER;0;20160601;100046;132.650000000;90
SBER;0;20160601;100046;132.590000000;1000
SBER;0;20160601;100046;132.580000000;500
SBER;0;20160601;100046;132.580000000;750
SBER;0;20160601;100046;132.570000000;1000
SBER;0;20160601;100046;132.580000000;1250
SBER;0;20160601;100046;132.580000000;1050
SBER;0;20160601;100047;132.580000000;200
SBER;0;20160601;100047;132.570000000;3000
SBER;0;20160601;100047;132.570000000;1000
SBER;0;20160601;100047;132.560000000;740
SBER;0;20160601;100047;132.560000000;7560
SBER;0;20160601;100047;132.560000000;9100
SBER;0;20160601;100047;132.610000000;1250
SBER;0;20160601;100047;132.620000000;1000
SBER;0;20160601;100047;132.630000000;1250
SBER;0;20160601;100047;132.630000000;1000
SBER;0;20160601;100047;132.640000000;1000
SBER;0;20160601;100047;132.640000000;500
SBER;0;20160601;100047;132.650000000;410
SBER;0;20160601;100047;132.650000000;1000
SBER;0;20160601;100047;132.650000000;1000
SBER;0;20160601;100047;132.660000000;520
SBER;0;20160601;100047;132.590000000;1000
SBER;0;20160601;100047;132.580000000;550
SBER;0;20160601;100047;132.590000000;1000
SBER;0;20160601;100047;132.590000000;770
SBER;0;20160601;100047;132.590000000;230
SBER;0;20160601;100047;132.650000000;1250
SBER;0;20160601;100047;132.660000000;990
SBER;0;20160601;100047;132.660000000;10
SBER;0;20160601;100047;132.590000000;200
SBER;0;20160601;100047;132.590000000;990
SBER;0;20160601;100047;132.580000000;130
SBER;0;20160601;100047;132.650000000;1250
SBER;0;20160601;100047;132.660000000;990
SBER;0;20160601;100047;132.660000000;10
SBER;0;20160601;100047;132.590000000;300
SBER;0;20160601;100047;132.590000000;200
SBER;0;20160601;100048;132.580000000;950
SBER;0;20160601;100048;132.580000000;200
SBER;0;20160601;100048;132.570000000;2000
SBER;0;20160601;100048;132.560000000;20
SBER;0;20160601;100048;132.560000000;200
SBER;0;20160601;100048;132.630000000;780
SBER;0;20160601;100048;132.630000000;470
SBER;0;20160601;100048;132.630000000;1000
SBER;0;20160601;100048;132.640000000;770
SBER;0;20160601;100048;132.640000000;10
SBER;0;20160601;100048;132.550000000;200
SBER;0;20160601;100048;132.540000000;870
SBER;0;20160601;100048;132.530000000;1000
SBER;0;20160601;100048;132.530000000;1250
SBER;0;20160601;100048;132.520000000;3000
SBER;0;20160601;100048;132.520000000;1000
SBER;0;20160601;100048;132.510000000;490
SBER;0;20160601;100048;132.500000000;10
SBER;0;20160601;100048;132.500000000;1000
SBER;0;20160601;100048;132.500000000;1180
SBER;0;20160601;100049;132.520000000;1000
SBER;0;20160601;100049;132.550000000;10
SBER;0;20160601;100049;132.550000000;1740
SBER;0;20160601;100049;132.560000000;720
SBER;0;20160601;100049;132.560000000;10
SBER;0;20160601;100049;132.560000000;4120
SBER;0;20160601;100049;132.560000000;20
SBER;0;20160601;100049;132.620000000;2460
SBER;0;20160601;100050;132.560000000;200
SBER;0;20160601;100050;132.560000000;900
SBER;0;20160601;100050;132.560000000;1000
SBER;0;20160601;100050;132.550000000;1000
SBER;0;20160601;100050;132.560000000;200
SBER;0;20160601;100051;132.610000000;1250
SBER;0;20160601;100051;132.620000000;1000
SBER;0;20160601;100051;132.630000000;1250
SBER;0;20160601;100051;132.630000000;520
SBER;0;20160601;100051;132.560000000;220
SBER;0;20160601;100051;132.630000000;700
SBER;0;20160601;100051;132.610000000;200
SBER;0;20160601;100052;132.600000000;1000
SBER;0;20160601;100052;132.610000000;710
SBER;0;20160601;100052;132.550000000;220
SBER;0;20160601;100052;132.550000000;280
SBER;0;20160601;100053;132.570000000;300
SBER;0;20160601;100053;132.590000000;1000
SBER;0;20160601;100053;132.600000000;1000
SBER;0;20160601;100053;132.610000000;1160
SBER;0;20160601;100053;132.610000000;90
SBER;0;20160601;100053;132.610000000;1050
SBER;0;20160601;100054;132.600000000;160
SBER;0;20160601;100055;132.600000000;100
SBER;0;20160601;100055;132.550000000;840
SBER;0;20160601;100056;132.550000000;1000
SBER;0;20160601;100056;132.600000000;1770
SBER;0;20160601;100056;132.600000000;1520
SBER;0;20160601;100056;132.610000000;1250
SBER;0;20160601;100056;132.610000000;1000
SBER;0;20160601;100056;132.620000000;20
SBER;0;20160601;100056;132.620000000;50
SBER;0;20160601;100056;132.620000000;1000
SBER;0;20160601;100056;132.630000000;1250
SBER;0;20160601;100056;132.630000000;10
SBER;0;20160601;100056;132.630000000;1000
SBER;0;20160601;100056;132.630000000;1000
SBER;0;20160601;100056;132.630000000;1000
SBER;0;20160601;100056;132.630000000;1000
SBER;0;20160601;100056;132.630000000;1000
SBER;0;20160601;100057;132.630000000;12980
SBER;0;20160601;100057;132.630000000;5000
SBER;0;20160601;100057;132.630000000;1260
SBER;0;20160601;100057;132.630000000;20000
SBER;0;20160601;100057;132.630000000;6260
SBER;0;20160601;100057;132.630000000;1100
SBER;0;20160601;100057;132.630000000;1000
SBER;0;20160601;100057;132.630000000;1000
SBER;0;20160601;100057;132.630000000;550
SBER;0;20160601;100057;132.630000000;1250
SBER;0;20160601;100057;132.630000000;1250
SBER;0;20160601;100057;132.630000000;18720
SBER;0;20160601;100057;132.630000000;3750
SBER;0;20160601;100057;132.630000000;500
SBER;0;20160601;100057;132.640000000;10
SBER;0;20160601;100057;132.650000000;290
SBER;0;20160601;100058;132.640000000;500
SBER;0;20160601;100058;132.650000000;120
SBER;0;20160601;100058;132.630000000;1000
SBER;0;20160601;100058;132.630000000;6380
SBER;0;20160601;100058;132.630000000;1460
SBER;0;20160601;100058;132.630000000;3900
SBER;0;20160601;100058;132.670000000;1030
SBER;0;20160601;100058;132.630000000;500
SBER;0;20160601;100059;132.640000000;50
SBER;0;20160601;100059;132.630000000;260
SBER;0;20160601;100059;132.650000000;10
SBER;0;20160601;100100;132.650000000;490
SBER;0;20160601;100100;132.670000000;340
SBER;0;20160601;100100;132.680000000;10
SBER;0;20160601;100100;132.680000000;2000
SBER;0;20160601;100100;132.690000000;10
SBER;0;20160601;100100;132.700000000;50
SBER;0;20160601;100100;132.700000000;340
SBER;0;20160601;100100;132.640000000;20
SBER;0;20160601;100100;132.650000000;50
SBER;0;20160601;100100;132.640000000;1230
SBER;0;20160601;100100;132.630000000;1230
SBER;0;20160601;100100;132.640000000;20
SBER;0;20160601;100100;132.640000000;20
SBER;0;20160601;100100;132.640000000;30
SBER;0;20160601;100100;132.640000000;280
SBER;0;20160601;100100;132.640000000;260
SBER;0;20160601;100100;132.640000000;10
SBER;0;20160601;100100;132.640000000;30
SBER;0;20160601;100100;132.640000000;20
SBER;0;20160601;100100;132.640000000;70
SBER;0;20160601;100100;132.640000000;40
SBER;0;20160601;100100;132.640000000;20
SBER;0;20160601;100100;132.640000000;30
SBER;0;20160601;100100;132.640000000;20
SBER;0;20160601;100100;132.640000000;40
SBER;0;20160601;100100;132.640000000;30
SBER;0;20160601;100100;132.640000000;20
SBER;0;20160601;100100;132.640000000;70
SBER;0;20160601;100100;132.640000000;20
SBER;0;20160601;100100;132.640000000;60
SBER;0;20160601;100100;132.640000000;110
SBER;0;20160601;100100;132.690000000;20
SBER;0;20160601;100100;132.630000000;20
SBER;0;20160601;100100;132.630000000;20
SBER;0;20160601;100100;132.630000000;20
SBER;0;20160601;100100;132.690000000;10
SBER;0;20160601;100100;132.630000000;20
SBER;0;20160601;100100;132.690000000;10
SBER;0;20160601;100100;132.630000000;20
SBER;0;20160601;100100;132.630000000;80
SBER;0;20160601;100100;132.630000000;50
SBER;0;20160601;100100;132.630000000;30
SBER;0;20160601;100100;132.690000000;130
SBER;0;20160601;100100;132.630000000;10
SBER;0;20160601;100100;132.630000000;10
SBER;0;20160601;100100;132.630000000;1260
SBER;0;20160601;100100;132.630000000;160
SBER;0;20160601;100100;132.630000000;40
SBER;0;20160601;100100;132.630000000;20
SBER;0;20160601;100100;132.630000000;20
SBER;0;20160601;100100;132.630000000;20
SBER;0;20160601;100100;132.630000000;30
SBER;0;20160601;100100;132.630000000;30
SBER;0;20160601;100100;132.630000000;20
SBER;0;20160601;100100;132.630000000;90
SBER;0;20160601;100100;132.630000000;10
SBER;0;20160601;100100;132.630000000;140
SBER;0;20160601;100100;132.630000000;220
SBER;0;20160601;100100;132.630000000;20
SBER;0;20160601;100100;132.680000000;10
SBER;0;20160601;100100;132.630000000;240
SBER;0;20160601;100100;132.630000000;130
SBER;0;20160601;100100;132.630000000;40
SBER;0;20160601;100100;132.630000000;240
SBER;0;20160601;100100;132.630000000;40
SBER;0;20160601;100100;132.630000000;10
SBER;0;20160601;100100;132.630000000;40
SBER;0;20160601;100100;132.630000000;40
SBER;0;20160601;100100;132.630000000;20
SBER;0;20160601;100100;132.630000000;140
SBER;0;20160601;100100;132.630000000;10
SBER;0;20160601;100100;132.630000000;60
SBER;0;20160601;100100;132.630000000;20
SBER;0;20160601;100100;132.630000000;20
SBER;0;20160601;100100;132.630000000;20
SBER;0;20160601;100100;132.630000000;20
SBER;0;20160601;100100;132.630000000;80
SBER;0;20160601;100100;132.630000000;350
SBER;0;20160601;100100;132.630000000;90
SBER;0;20160601;100100;132.670000000;10
SBER;0;20160601;100100;132.630000000;20
SBER;0;20160601;100100;132.630000000;40
SBER;0;20160601;100100;132.630000000;30
SBER;0;20160601;100100;132.630000000;190
SBER;0;20160601;100100;132.630000000;30
SBER;0;20160601;100100;132.630000000;100
SBER;0;20160601;100100;132.660000000;20
SBER;0;20160601;100100;132.640000000;20
SBER;0;20160601;100100;132.630000000;2600
SBER;0;20160601;100100;132.630000000;11900
SBER;0;20160601;100100;132.630000000;120
SBER;0;20160601;100101;132.630000000;6130
SBER;0;20160601;100101;132.630000000;820
SBER;0;20160601;100101;132.630000000;100
SBER;0;20160601;100101;132.630000000;100
SBER;0;20160601;100102;132.650000000;480
SBER;0;20160601;100102;132.650000000;490
SBER;0;20160601;100102;132.660000000;2580
SBER;0;20160601;100102;132.660000000;420
SBER;0;20160601;100102;132.660000000;40
SBER;0;20160601;100102;132.660000000;50
SBER;0;20160601;100102;132.660000000;440
SBER;0;20160601;100102;132.660000000;710
SBER;0;20160601;100102;132.660000000;290
SBER;0;20160601;100103;132.650000000;350
SBER;0;20160601;100103;132.650000000;380
SBER;0;20160601;100103;132.660000000;50
SBER;0;20160601;100103;132.660000000;30
SBER;0;20160601;100103;132.660000000;60
SBER;0;20160601;100103;132.660000000;80
SBER;0;20160601;100103;132.660000000;80
SBER;0;20160601;100104;132.660000000;20
SBER;0;20160601;100104;132.660000000;10
SBER;0;20160601;100104;132.660000000;20
SBER;0;20160601;100104;132.670000000;610
SBER;0;20160601;100104;132.670000000;390
SBER;0;20160601;100104;132.680000000;50
SBER;0;20160601;100104;132.680000000;1000
SBER;0;20160601;100104;132.690000000;1870
SBER;0;20160601;100104;132.690000000;230
SBER;0;20160601;100104;132.700000000;3000
SBER;0;20160601;100104;132.700000000;1000
SBER;0;20160601;100104;132.670000000;10
SBER;0;20160601;100104;132.690000000;10
SBER;0;20160601;100104;132.670000000;10
SBER;0;20160601;100105;132.670000000;30
SBER;0;20160601;100105;132.670000000;2950
SBER;0;20160601;100105;132.660000000;1250
SBER;0;20160601;100105;132.660000000;1000
SBER;0;20160601;100105;132.650000000;3000
SBER;0;20160601;100105;132.650000000;1000
SBER;0;20160601;100105;132.650000000;1000
SBER;0;20160601;100105;132.640000000;1250
SBER;0;20160601;100105;132.640000000;1000
SBER;0;20160601;100105;132.640000000;100
SBER;0;20160601;100105;132.630000000;20440
SBER;0;20160601;100105;132.630000000;4990
SBER;0;20160601;100105;132.630000000;50
SBER;0;20160601;100105;132.630000000;1000
SBER;0;20160601;100105;132.690000000;500
SBER;0;20160601;100106;132.700000000;370
SBER;0;20160601;100106;132.700000000;500
SBER;0;20160601;100106;132.700000000;40
SBER;0;20160601;100106;132.730000000;50
SBER;0;20160601;100106;132.730000000;500
SBER;0;20160601;100106;132.740000000;11450
SBER;0;20160601;100106;132.720000000;500
SBER;0;20160601;100106;132.730000000;1250
SBER;0;20160601;100106;132.730000000;50
SBER;0;20160601;100106;132.740000000;550
SBER;0;20160601;100106;132.740000000;450
SBER;0;20160601;100106;132.740000000;300
SBER;0;20160601;100106;132.750000000;1000
SBER;0;20160601;100106;132.750000000;440
SBER;0;20160601;100106;132.750000000;10
SBER;0;20160601;100106;132.740000000;1250
SBER;0;20160601;100106;132.740000000;1000
SBER;0;20160601;100106;132.750000000;9750
SBER;0;20160601;100107;132.740000000;3000
SBER;0;20160601;100107;132.750000000;31150
SBER;0;20160601;100107;132.700000000;100
SBER;0;20160601;100107;132.700000000;20
SBER;0;20160601;100107;132.690000000;1000
SBER;0;20160601;100107;132.680000000;1000
SBER;0;20160601;100107;132.670000000;1000
SBER;0;20160601;100107;132.660000000;1250
SBER;0;20160601;100107;132.660000000;730
SBER;0;20160601;100107;132.730000000;1250
SBER;0;20160601;100107;132.740000000;1190
SBER;0;20160601;100107;132.740000000;1810
SBER;0;20160601;100107;132.740000000;1000
SBER;0;20160601;100107;132.750000000;8650
SBER;0;20160601;100107;132.750000000;500
SBER;0;20160601;100107;132.750000000;40
SBER;0;20160601;100107;132.730000000;500
SBER;0;20160601;100107;132.740000000;1250
SBER;0;20160601;100107;132.740000000;200
SBER;0;20160601;100107;132.750000000;60
SBER;0;20160601;100107;132.750000000;190
SBER;0;20160601;100107;132.750000000;100
SBER;0;20160601;100107;132.750000000;80
SBER;0;20160601;100107;132.750000000;160
SBER;0;20160601;100107;132.750000000;410
SBER;0;20160601;100107;132.750000000;530
SBER;0;20160601;100107;132.750000000;1000
SBER;0;20160601;100107;132.750000000;760
SBER;0;20160601;100107;132.750000000;10
SBER;0;20160601;100107;132.730000000;500
SBER;0;20160601;100107;132.740000000;500
SBER;0;20160601;100107;132.750000000;1000
SBER;0;20160601;100107;132.750000000;1250
SBER;0;20160601;100107;132.750000000;3700
SBER;0;20160601;100107;132.760000000;150
SBER;0;20160601;100107;132.760000000;180
SBER;0;20160601;100107;132.760000000;1000
SBER;0;20160601;100107;132.760000000;1250
SBER;0;20160601;100107;132.760000000;1250
SBER;0;20160601;100107;132.770000000;10
SBER;0;20160601;100107;132.770000000;450
SBER;0;20160601;100107;132.780000000;4760
SBER;0;20160601;100107;132.780000000;240
SBER;0;20160601;100107;132.790000000;2000
SBER;0;20160601;100107;132.800000000;50
SBER;0;20160601;100107;132.790000000;900
SBER;0;20160601;100107;132.780000000;20
SBER;0;20160601;100108;132.780000000;480
SBER;0;20160601;100108;132.780000000;200
SBER;0;20160601;100108;132.780000000;500
SBER;0;20160601;100108;132.790000000;3000
SBER;0;20160601;100108;132.800000000;260
SBER;0;20160601;100108;132.780000000;200
SBER;0;20160601;100108;132.780000000;200
SBER;0;20160601;100108;132.780000000;380
SBER;0;20160601;100108;132.770000000;500
SBER;0;20160601;100108;132.760000000;1000
SBER;0;20160601;100108;132.770000000;9500
SBER;0;20160601;100109;132.760000000;500
SBER;0;20160601;100109;132.760000000;200
SBER;0;20160601;100109;132.770000000;420
SBER;0;20160601;100109;132.770000000;500
SBER;0;20160601;100109;132.760000000;480
SBER;0;20160601;100109;132.780000000;100
SBER;0;20160601;100109;132.790000000;370
SBER;0;20160601;100109;132.770000000;200
SBER;0;20160601;100109;132.780000000;500
SBER;0;20160601;100109;132.790000000;1930
SBER;0;20160601;100109;132.790000000;500
SBER;0;20160601;100110;132.790000000;500
SBER;0;20160601;100110;132.790000000;1000
SBER;0;20160601;100110;132.790000000;200
SBER;0;20160601;100110;132.790000000;500
SBER;0;20160601;100110;132.780000000;500
SBER;0;20160601;100110;132.780000000;100
SBER;0;20160601;100110;132.780000000;500
SBER;0;20160601;100110;132.780000000;500
SBER;0;20160601;100111;132.790000000;780
SBER;0;20160601;100112;132.790000000;1150
SBER;0;20160601;100112;132.790000000;500
SBER;0;20160601;100112;132.770000000;30
SBER;0;20160601;100112;132.800000000;2590
SBER;0;20160601;100112;132.800000000;1320
SBER;0;20160601;100112;132.800000000;1000
SBER;0;20160601;100112;132.810000000;8200
SBER;0;20160601;100112;132.810000000;1000
SBER;0;20160601;100112;132.820000000;30
SBER;0;20160601;100112;132.820000000;1000
SBER;0;20160601;100112;132.830000000;50
SBER;0;20160601;100112;132.830000000;1000
SBER;0;20160601;100112;132.840000000;1000
SBER;0;20160601;100112;132.850000000;50
SBER;0;20160601;100112;132.850000000;1000
SBER;0;20160601;100112;132.850000000;1000
SBER;0;20160601;100112;132.860000000;3000
SBER;0;20160601;100112;132.860000000;1000
SBER;0;20160601;100112;132.860000000;50
SBER;0;20160601;100112;132.870000000;1000
SBER;0;20160601;100112;132.870000000;7560
SBER;0;20160601;100112;132.870000000;2120
SBER;0;20160601;100112;132.810000000;200
SBER;0;20160601;100112;132.840000000;500
SBER;0;20160601;100112;132.850000000;2300
SBER;0;20160601;100113;132.810000000;200
SBER;0;20160601;100113;132.830000000;300
SBER;0;20160601;100113;132.830000000;3000
SBER;0;20160601;100113;132.810000000;500
SBER;0;20160601;100113;132.830000000;500
SBER;0;20160601;100113;132.840000000;500
SBER;0;20160601;100113;132.850000000;700
SBER;0;20160601;100113;132.850000000;1000
SBER;0;20160601;100113;132.860000000;3300
SBER;0;20160601;100113;132.850000000;500
SBER;0;20160601;100113;132.850000000;200
SBER;0;20160601;100113;132.880000000;150
SBER;0;20160601;100113;132.880000000;10
SBER;0;20160601;100113;132.890000000;10
SBER;0;20160601;100113;132.890000000;1000
SBER;0;20160601;100113;132.890000000;300
SBER;0;20160601;100113;132.890000000;50
SBER;0;20160601;100114;132.870000000;200
SBER;0;20160601;100114;132.880000000;250
SBER;0;20160601;100114;132.880000000;100
SBER;0;20160601;100114;132.900000000;1500
SBER;0;20160601;100114;132.900000000;500
SBER;0;20160601;100114;132.900000000;50
SBER;0;20160601;100114;132.900000000;80
SBER;0;20160601;100114;132.910000000;2320
SBER;0;20160601;100114;132.910000000;680
SBER;0;20160601;100114;132.880000000;10
SBER;0;20160601;100114;132.820000000;50
SBER;0;20160601;100114;132.880000000;590
SBER;0;20160601;100114;132.890000000;200
SBER;0;20160601;100114;132.880000000;200
SBER;0;20160601;100114;132.880000000;300
SBER;0;20160601;100114;132.880000000;50
SBER;0;20160601;100114;132.890000000;500
SBER;0;20160601;100114;132.900000000;1000
SBER;0;20160601;100114;132.900000000;5360
SBER;0;20160601;100114;132.910000000;3000
SBER;0;20160601;100114;132.910000000;90
SBER;0;20160601;100114;132.870000000;500
SBER;0;20160601;100115;132.800000000;70
SBER;0;20160601;100115;132.780000000;120
SBER;0;20160601;100115;132.820000000;120
SBER;0;20160601;100115;132.820000000;880
SBER;0;20160601;100115;132.820000000;500
SBER;0;20160601;100115;132.820000000;500
SBER;0;20160601;100116;132.820000000;500
SBER;0;20160601;100116;132.830000000;2010
SBER;0;20160601;100116;132.840000000;1000
SBER;0;20160601;100116;132.850000000;3000
SBER;0;20160601;100116;132.850000000;1000
SBER;0;20160601;100116;132.860000000;1000
SBER;0;20160601;100116;132.870000000;1490
SBER;0;20160601;100116;132.870000000;1000
SBER;0;20160601;100116;132.840000000;1000
SBER;0;20160601;100116;132.860000000;200
SBER;0;20160601;100116;132.870000000;500
SBER;0;20160601;100116;132.880000000;90
SBER;0;20160601;100116;132.830000000;380
SBER;0;20160601;100116;132.870000000;240
SBER;0;20160601;100116;132.870000000;140
SBER;0;20160601;100116;132.880000000;1070
SBER;0;20160601;100116;132.880000000;290
SBER;0;20160601;100117;132.810000000;300
SBER;0;20160601;100117;132.790000000;300
SBER;0;20160601;100117;132.790000000;1000
SBER;0;20160601;100117;132.840000000;200
SBER;0;20160601;100117;132.850000000;70
SBER;0;20160601;100117;132.850000000;10
SBER;0;20160601;100117;132.850000000;520
SBER;0;20160601;100117;132.850000000;80
SBER;0;20160601;100117;132.850000000;300
SBER;0;20160601;100117;132.850000000;30
SBER;0;20160601;100118;132.840000000;270
SBER;0;20160601;100118;132.840000000;410
SBER;0;20160601;100118;132.840000000;200
SBER;0;20160601;100119;132.780000000;1250
SBER;0;20160601;100119;132.770000000;3000
SBER;0;20160601;100119;132.770000000;1000
SBER;0;20160601;100119;132.760000000;1250
SBER;0;20160601;100119;132.760000000;950
SBER;0;20160601;100119;132.760000000;1250
SBER;0;20160601;100119;132.760000000;2440
SBER;0;20160601;100119;132.750000000;1310
SBER;0;20160601;100119;132.760000000;1250
SBER;0;20160601;100119;132.760000000;200
SBER;0;20160601;100119;132.760000000;2800
SBER;0;20160601;100120;132.770000000;1000
SBER;0;20160601;100121;132.770000000;1000
SBER;0;20160601;100121;132.770000000;340
SBER;0;20160601;100121;132.770000000;160
SBER;0;20160601;100121;132.770000000;1340
SBER;0;20160601;100121;132.770000000;1000
SBER;0;20160601;100121;132.770000000;1250
SBER;0;20160601;100122;132.770000000;1250
SBER;0;20160601;100122;132.800000000;100
SBER;0;20160601;100122;132.800000000;1710
SBER;0;20160601;100124;132.810000000;10
SBER;0;20160601;100124;132.810000000;1990
SBER;0;20160601;100124;132.850000000;200
SBER;0;20160601;100124;132.860000000;530
SBER;0;20160601;100124;132.860000000;1000
SBER;0;20160601;100124;132.870000000;670
SBER;0;20160601;100124;132.880000000;1250
SBER;0;20160601;100124;132.880000000;1340
SBER;0;20160601;100124;132.880000000;1250
SBER;0;20160601;100124;132.890000000;10000
SBER;0;20160601;100124;132.900000000;1000
SBER;0;20160601;100124;132.910000000;660
SBER;0;20160601;100124;132.910000000;330
SBER;0;20160601;100124;132.930000000;170
SBER;0;20160601;100124;132.880000000;2720
SBER;0;20160601;100124;132.880000000;10
SBER;0;20160601;100124;132.880000000;2270
SBER;0;20160601;100124;132.880000000;1100
SBER;0;20160601;100124;132.880000000;200
SBER;0;20160601;100124;132.880000000;100
SBER;0;20160601;100124;132.880000000;2500
SBER;0;20160601;100124;132.880000000;230
SBER;0;20160601;100124;132.880000000;770
SBER;0;20160601;100124;132.880000000;100
SBER;0;20160601;100124;132.880000000;670
SBER;0;20160601;100124;132.890000000;900
SBER;0;20160601;100124;132.850000000;20
SBER;0;20160601;100124;132.850000000;980
SBER;0;20160601;100125;132.850000000;1000
SBER;0;20160601;100125;132.880000000;180
SBER;0;20160601;100125;132.880000000;20
SBER;0;20160601;100126;132.890000000;10
SBER;0;20160601;100126;132.880000000;910
SBER;0;20160601;100127;132.880000000;940
SBER;0;20160601;100127;132.890000000;910
SBER;0;20160601;100127;132.930000000;200
SBER;0;20160601;100127;132.940000000;2240
SBER;0;20160601;100127;132.900000000;1000
SBER;0;20160601;100127;132.890000000;500
SBER;0;20160601;100127;132.940000000;2760
SBER;0;20160601;100127;132.940000000;200
SBER;0;20160601;100127;132.940000000;100
SBER;0;20160601;100127;132.940000000;1000
SBER;0;20160601;100127;132.940000000;200
SBER;0;20160601;100128;132.960000000;360
SBER;0;20160601;100128;132.960000000;2040
SBER;0;20160601;100128;132.960000000;640
SBER;0;20160601;100128;132.960000000;200
SBER;0;20160601;100128;132.970000000;10
SBER;0;20160601;100128;132.970000000;1000
SBER;0;20160601;100128;132.980000000;190
SBER;0;20160601;100128;132.980000000;10
SBER;0;20160601;100128;132.980000000;50
SBER;0;20160601;100128;132.980000000;1000
SBER;0;20160601;100128;132.980000000;100
SBER;0;20160601;100128;132.970000000;900
SBER;0;20160601;100128;132.980000000;1000
SBER;0;20160601;100128;132.980000000;500
SBER;0;20160601;100128;132.980000000;1250
SBER;0;20160601;100128;132.990000000;1150
SBER;0;20160601;100128;132.970000000;500
SBER;0;20160601;100128;132.980000000;1250
SBER;0;20160601;100128;132.990000000;1200
SBER;0;20160601;100128;132.990000000;3450
SBER;0;20160601;100128;132.980000000;1250
SBER;0;20160601;100128;132.980000000;500
SBER;0;20160601;100128;132.980000000;200
SBER;0;20160601;100128;132.990000000;450
SBER;0;20160601;100128;132.960000000;1590
SBER;0;20160601;100128;132.970000000;10
SBER;0;20160601;100128;132.970000000;490
SBER;0;20160601;100128;132.980000000;750
SBER;0;20160601;100128;132.990000000;1160
SBER;0;20160601;100128;132.960000000;100
SBER;0;20160601;100128;132.970000000;500
SBER;0;20160601;100128;132.980000000;1800
SBER;0;20160601;100128;132.990000000;3200
SBER;0;20160601;100128;132.940000000;200
SBER;0;20160601;100128;132.970000000;2400
SBER;0;20160601;100128;132.990000000;1740
SBER;0;20160601;100128;133.000000000;660
SBER;0;20160601;100128;132.960000000;200
SBER;0;20160601;100128;132.980000000;100
SBER;0;20160601;100128;132.980000000;500
SBER;0;20160601;100128;133.000000000;1800
SBER;0;20160601;100128;132.960000000;400
SBER;0;20160601;100128;132.970000000;500
SBER;0;20160601;100128;132.980000000;1500
SBER;0;20160601;100128;132.980000000;400
SBER;0;20160601;100128;132.990000000;500
SBER;0;20160601;100128;132.940000000;200
SBER;0;20160601;100128;132.980000000;500
SBER;0;20160601;100128;132.990000000;500
SBER;0;20160601;100128;132.960000000;400
SBER;0;20160601;100128;132.960000000;4800
SBER;0;20160601;100128;132.960000000;200
SBER;0;20160601;100128;132.980000000;3200
SBER;0;20160601;100128;132.980000000;400
SBER;0;20160601;100128;132.980000000;4320
SBER;0;20160601;100128;132.980000000;80
SBER;0;20160601;100129;132.960000000;200
SBER;0;20160601;100129;132.980000000;1100
SBER;0;20160601;100129;132.980000000;30
SBER;0;20160601;100129;132.980000000;30
SBER;0;20160601;100129;132.960000000;200
SBER;0;20160601;100129;132.960000000;1800
SBER;0;20160601;100129;132.950000000;200
SBER;0;20160601;100129;132.980000000;270
SBER;0;20160601;100129;133.000000000;1700
SBER;0;20160601;100129;133.000000000;50000
SBER;0;20160601;100129;133.000000000;100
SBER;0;20160601;100129;133.000000000;100
SBER;0;20160601;100129;133.000000000;100
SBER;0;20160601;100129;133.000000000;200
SBER;0;20160601;100129;133.000000000;6650
SBER;0;20160601;100129;133.000000000;10
SBER;0;20160601;100129;133.000000000;50
SBER;0;20160601;100129;133.000000000;500
SBER;0;20160601;100129;133.000000000;590
SBER;0;20160601;100129;132.970000000;200
SBER;0;20160601;100129;133.000000000;70840
SBER;0;20160601;100129;132.950000000;1250
SBER;0;20160601;100129;132.940000000;460
SBER;0;20160601;100129;132.950000000;1160
SBER;0;20160601;100129;132.950000000;90
SBER;0;20160601;100129;132.940000000;2540
SBER;0;20160601;100129;132.930000000;1250
SBER;0;20160601;100129;132.930000000;120
SBER;0;20160601;100129;132.970000000;200
SBER;0;20160601;100129;133.000000000;9800
SBER;0;20160601;100129;132.990000000;120
SBER;0;20160601;100129;133.000000000;1880
SBER;0;20160601;100130;132.970000000;200
SBER;0;20160601;100130;133.000000000;200
SBER;0;20160601;100130;133.000000000;16690
SBER;0;20160601;100130;133.000000000;1000
SBER;0;20160601;100130;133.010000000;10
SBER;0;20160601;100130;133.020000000;40
SBER;0;20160601;100130;133.010000000;400
SBER;0;20160601;100130;133.010000000;200
SBER;0;20160601;100130;133.020000000;10
SBER;0;20160601;100130;133.030000000;520
SBER;0;20160601;100130;133.010000000;200
SBER;0;20160601;100130;133.010000000;50
SBER;0;20160601;100130;133.010000000;100
SBER;0;20160601;100130;133.010000000;10
SBER;0;20160601;100130;133.010000000;140
SBER;0;20160601;100130;133.030000000;460
SBER;0;20160601;100130;133.030000000;1120
SBER;0;20160601;100130;133.030000000;800
SBER;0;20160601;100130;133.040000000;50
SBER;0;20160601;100130;133.050000000;1550
SBER;0;20160601;100130;133.030000000;240
SBER;0;20160601;100130;133.060000000;100
SBER;0;20160601;100130;133.030000000;200
SBER;0;20160601;100130;133.030000000;1640
SBER;0;20160601;100130;133.010000000;50
SBER;0;20160601;100131;133.010000000;150
SBER;0;20160601;100131;133.010000000;180
SBER;0;20160601;100131;133.060000000;100
SBER;0;20160601;100131;133.060000000;50
SBER;0;20160601;100131;133.070000000;20
SBER;0;20160601;100131;133.080000000;10
SBER;0;20160601;100131;133.080000000;50
SBER;0;20160601;100131;133.090000000;1270
SBER;0;20160601;100131;133.050000000;50
SBER;0;20160601;100131;133.050000000;150
SBER;0;20160601;100131;133.080000000;1250
SBER;0;20160601;100131;133.040000000;500
SBER;0;20160601;100131;133.020000000;1250
SBER;0;20160601;100131;133.010000000;120
SBER;0;20160601;100131;133.020000000;1070
SBER;0;20160601;100131;133.010000000;1250
SBER;0;20160601;100131;133.000000000;80
SBER;0;20160601;100131;133.000000000;22550
SBER;0;20160601;100131;133.000000000;7220
SBER;0;20160601;100131;133.010000000;120
SBER;0;20160601;100131;133.020000000;880
SBER;0;20160601;100131;133.020000000;100
SBER;0;20160601;100132;133.000000000;200
SBER;0;20160601;100132;133.020000000;270
SBER;0;20160601;100132;133.020000000;1000
SBER;0;20160601;100132;133.030000000;530
SBER;0;20160601;100132;133.000000000;200
SBER;0;20160601;100132;133.000000000;200
SBER;0;20160601;100132;133.000000000;2000
SBER;0;20160601;100132;132.960000000;50
SBER;0;20160601;100132;132.950000000;1250
SBER;0;20160601;100132;132.950000000;290
SBER;0;20160601;100132;132.950000000;50
SBER;0;20160601;100133;132.950000000;8360
SBER;0;20160601;100133;132.950000000;1750
SBER;0;20160601;100133;132.970000000;200
SBER;0;20160601;100133;132.980000000;1250
SBER;0;20160601;100133;132.980000000;300
SBER;0;20160601;100133;132.980000000;100
SBER;0;20160601;100133;132.980000000;2950
SBER;0;20160601;100133;132.960000000;3000
SBER;0;20160601;100133;132.960000000;1000
SBER;0;20160601;100133;132.950000000;1000
SBER;0;20160601;100133;132.940000000;1000
SBER;0;20160601;100133;132.930000000;2050
SBER;0;20160601;100133;132.940000000;1000
SBER;0;20160601;100133;132.980000000;1250
SBER;0;20160601;100133;132.990000000;90
SBER;0;20160601;100133;132.990000000;1000
SBER;0;20160601;100133;133.000000000;1000
SBER;0;20160601;100133;133.000000000;1000
SBER;0;20160601;100133;133.000000000;400
SBER;0;20160601;100133;133.000000000;200
SBER;0;20160601;100133;133.000000000;100
SBER;0;20160601;100133;133.000000000;4960
SBER;0;20160601;100134;132.990000000;1250
SBER;0;20160601;100134;132.990000000;1000
SBER;0;20160601;100134;132.990000000;1250
SBER;0;20160601;100134;132.990000000;200
SBER;0;20160601;100134;132.980000000;80
SBER;0;20160601;100134;133.000000000;200
SBER;0;20160601;100134;133.010000000;3200
SBER;0;20160601;100134;133.010000000;3000
SBER;0;20160601;100134;132.990000000;4720
SBER;0;20160601;100134;132.990000000;5280
SBER;0;20160601;100135;133.000000000;50
SBER;0;20160601;100135;133.000000000;1200
SBER;0;20160601;100135;133.000000000;500
SBER;0;20160601;100135;133.010000000;1500
SBER;0;20160601;100135;133.010000000;10
SBER;0;20160601;100136;132.970000000;1000
SBER;0;20160601;100136;132.960000000;3000
SBER;0;20160601;100136;132.960000000;440
SBER;0;20160601;100136;132.960000000;560
SBER;0;20160601;100136;133.000000000;490
SBER;0;20160601;100136;133.000000000;550
SBER;0;20160601;100136;133.000000000;10
SBER;0;20160601;100136;133.000000000;100
SBER;0;20160601;100136;133.000000000;200
SBER;0;20160601;100136;133.000000000;800
SBER;0;20160601;100137;132.990000000;1000
SBER;0;20160601;100137;132.990000000;3000
SBER;0;20160601;100137;132.990000000;440
SBER;0;20160601;100137;132.990000000;10
SBER;0;20160601;100138;132.960000000;20
SBER;0;20160601;100138;132.950000000;100
SBER;0;20160601;100138;132.950000000;100
SBER;0;20160601;100138;132.950000000;100
SBER;0;20160601;100138;132.950000000;100
SBER;0;20160601;100138;132.950000000;1000
SBER;0;20160601;100138;132.940000000;200
SBER;0;20160601;100138;132.940000000;10
SBER;0;20160601;100138;132.940000000;370
SBER;0;20160601;100138;132.940000000;630
SBER;0;20160601;100138;132.940000000;10
SBER;0;20160601;100139;132.940000000;10
SBER;0;20160601;100139;132.950000000;1000
SBER;0;20160601;100139;132.940000000;2990
SBER;0;20160601;100139;132.940000000;100
SBER;0;20160601;100139;132.970000000;10
SBER;0;20160601;100139;132.940000000;500
SBER;0;20160601;100139;132.970000000;1940
SBER;0;20160601;100139;132.940000000;400
SBER;0;20160601;100139;132.940000000;100
SBER;0;20160601;100139;132.940000000;100
SBER;0;20160601;100139;132.980000000;80
SBER;0;20160601;100139;132.990000000;10
SBER;0;20160601;100139;132.990000000;50
SBER;0;20160601;100139;132.990000000;60
SBER;0;20160601;100139;132.940000000;10
SBER;0;20160601;100139;132.990000000;10
SBER;0;20160601;100139;132.990000000;900
SBER;0;20160601;100140;133.000000000;50
SBER;0;20160601;100140;133.000000000;9150
SBER;0;20160601;100140;133.000000000;340
SBER;0;20160601;100140;133.000000000;450
SBER;0;20160601;100140;133.000000000;23430
SBER;0;20160601;100140;133.000000000;200
SBER;0;20160601;100140;132.940000000;2990
SBER;0;20160601;100140;132.930000000;7010
SBER;0;20160601;100140;132.940000000;980
SBER;0;20160601;100140;132.930000000;2990
SBER;0;20160601;100140;132.930000000;20
SBER;0;20160601;100140;132.980000000;1000
SBER;0;20160601;100140;132.990000000;40
SBER;0;20160601;100140;132.990000000;20
SBER;0;20160601;100140;133.000000000;1440
SBER;0;20160601;100140;132.990000000;570
SBER;0;20160601;100141;132.990000000;410
SBER;0;20160601;100141;132.990000000;1000
SBER;0;20160601;100141;132.990000000;500
SBER;0;20160601;100141;132.990000000;20
SBER;0;20160601;100141;132.990000000;480
SBER;0;20160601;100141;132.990000000;500
SBER;0;20160601;100141;132.990000000;910
SBER;0;20160601;100141;132.990000000;20
SBER;0;20160601;100141;132.990000000;1000
SBER;0;20160601;100141;132.990000000;520
SBER;0;20160601;100141;132.990000000;570
SBER;0;20160601;100141;132.990000000;1000
SBER;0;20160601;100141;132.990000000;1000
SBER;0;20160601;100141;132.990000000;1000
SBER;0;20160601;100141;132.990000000;1000
SBER;0;20160601;100141;132.990000000;1000
SBER;0;20160601;100141;132.990000000;1000
SBER;0;20160601;100141;132.990000000;1000
SBER;0;20160601;100141;132.990000000;1000
SBER;0;20160601;100141;132.990000000;1000
SBER;0;20160601;100141;132.990000000;1000
SBER;0;20160601;100141;132.990000000;1000
SBER;0;20160601;100141;132.990000000;1000
SBER;0;20160601;100141;132.990000000;1000
SBER;0;20160601;100141;132.990000000;1000
SBER;0;20160601;100141;132.990000000;1000
SBER;0;20160601;100141;132.990000000;1000
SBER;0;20160601;100141;132.990000000;50
SBER;0;20160601;100141;133.000000000;9950
SBER;0;20160601;100143;132.990000000;1520
SBER;0;20160601;100143;133.000000000;2500
SBER;0;20160601;100143;133.000000000;1500
SBER;0;20160601;100143;133.000000000;12000
SBER;0;20160601;100144;133.000000000;590
SBER;0;20160601;100144;133.000000000;2620
SBER;0;20160601;100144;133.000000000;1840
SBER;0;20160601;100144;133.000000000;8400
SBER;0;20160601;100144;132.990000000;50
SBER;0;20160601;100144;132.990000000;2950
SBER;0;20160601;100144;132.990000000;910
SBER;0;20160601;100144;132.990000000;150
SBER;0;20160601;100144;132.990000000;150
SBER;0;20160601;100144;132.990000000;760
SBER;0;20160601;100144;132.990000000;400
SBER;0;20160601;100144;133.000000000;7540
SBER;0;20160601;100144;133.000000000;1550
SBER;0;20160601;100144;133.000000000;5770
SBER;0;20160601;100144;132.990000000;3000
SBER;0;20160601;100145;133.000000000;2000
SBER;0;20160601;100145;133.000000000;500
SBER;0;20160601;100146;133.000000000;10
SBER;0;20160601;100146;133.000000000;30000
SBER;0;20160601;100146;132.990000000;1000
SBER;0;20160601;100146;132.990000000;1000
SBER;0;20160601;100147;133.000000000;80
SBER;0;20160601;100147;133.000000000;38080
SBER;0;20160601;100147;133.000000000;1000
SBER;0;20160601;100147;133.000000000;24720
SBER;0;20160601;100147;133.000000000;9000
SBER;0;20160601;100147;133.000000000;1200
SBER;0;20160601;100147;133.000000000;1850
SBER;0;20160601;100147;133.000000000;100
SBER;0;20160601;100147;133.000000000;500
SBER;0;20160601;100147;133.010000000;6820
SBER;0;20160601;100147;133.010000000;12180
SBER;0;20160601;100147;133.010000000;1000
SBER;0;20160601;100147;133.010000000;320
SBER;0;20160601;100147;133.020000000;1000
SBER;0;20160601;100147;133.020000000;690
SBER;0;20160601;100147;133.020000000;560
SBER;0;20160601;100147;133.020000000;1000
SBER;0;20160601;100147;133.020000000;1250
SBER;0;20160601;100147;133.020000000;1250
SBER;0;20160601;100147;133.020000000;1000
SBER;0;20160601;100147;133.020000000;1250
SBER;0;20160601;100147;133.020000000;2420
SBER;0;20160601;100147;133.020000000;10
SBER;0;20160601;100147;133.030000000;50
SBER;0;20160601;100147;133.050000000;50
SBER;0;20160601;100147;133.040000000;200
SBER;0;20160601;100147;133.050000000;950
SBER;0;20160601;100147;133.100000000;50
SBER;0;20160601;100147;133.100000000;20
SBER;0;20160601;100147;133.100000000;30
SBER;0;20160601;100147;133.130000000;50
SBER;0;20160601;100147;133.120000000;100
SBER;0;20160601;100147;133.110000000;900
SBER;0;20160601;100147;133.130000000;200
SBER;0;20160601;100147;133.130000000;100
SBER;0;20160601;100147;133.130000000;200
SBER;0;20160601;100147;133.130000000;100
SBER;0;20160601;100147;133.130000000;100
SBER;0;20160601;100147;133.130000000;100
SBER;0;20160601;100147;133.130000000;100
SBER;0;20160601;100147;133.140000000;50
SBER;0;20160601;100147;133.140000000;250
SBER;0;20160601;100147;133.160000000;2140
SBER;0;20160601;100147;133.130000000;100
SBER;0;20160601;100147;133.150000000;200
SBER;0;20160601;100147;133.150000000;100
SBER;0;20160601;100147;133.150000000;100
SBER;0;20160601;100147;133.150000000;100
SBER;0;20160601;100147;133.150000000;100
SBER;0;20160601;100147;133.150000000;200
SBER;0;20160601;100147;133.140000000;1000
SBER;0;20160601;100147;133.130000000;200
SBER;0;20160601;100147;133.120000000;50
SBER;0;20160601;100147;133.140000000;100
SBER;0;20160601;100147;133.140000000;900
SBER;0;20160601;100147;133.130000000;480
SBER;0;20160601;100147;133.130000000;520
SBER;0;20160601;100147;133.120000000;230
SBER;0;20160601;100147;133.110000000;100
SBER;0;20160601;100147;133.080000000;520
SBER;0;20160601;100147;133.100000000;1000
SBER;0;20160601;100147;133.090000000;1000
SBER;0;20160601;100147;133.080000000;470
SBER;0;20160601;100147;133.090000000;50
SBER;0;20160601;100147;133.090000000;50
SBER;0;20160601;100147;133.080000000;260
SBER;0;20160601;100147;133.060000000;1250
SBER;0;20160601;100147;133.060000000;910
SBER;0;20160601;100147;133.070000000;1100
SBER;0;20160601;100147;133.140000000;40
SBER;0;20160601;100148;133.120000000;660
SBER;0;20160601;100148;133.120000000;500
SBER;0;20160601;100148;133.070000000;150
SBER;0;20160601;100148;133.040000000;1050
SBER;0;20160601;100148;133.050000000;1200
SBER;0;20160601;100148;133.080000000;50
SBER;0;20160601;100148;133.020000000;1250
SBER;0;20160601;100148;133.030000000;50
SBER;0;20160601;100148;133.020000000;50
SBER;0;20160601;100148;133.020000000;1200
SBER;0;20160601;100148;133.080000000;200
SBER;0;20160601;100148;133.020000000;1250
SBER;0;20160601;100148;133.010000000;1520
SBER;0;20160601;100149;133.040000000;1250
SBER;0;20160601;100149;133.030000000;140
SBER;0;20160601;100149;133.040000000;220
SBER;0;20160601;100149;133.040000000;1030
SBER;0;20160601;100149;133.040000000;220
SBER;0;20160601;100149;133.050000000;30
SBER;0;20160601;100149;133.050000000;30
SBER;0;20160601;100149;133.050000000;30
SBER;0;20160601;100149;133.050000000;550
SBER;0;20160601;100149;133.040000000;220
SBER;0;20160601;100149;133.060000000;390
SBER;0;20160601;100149;133.080000000;350
SBER;0;20160601;100149;133.060000000;110
SBER;0;20160601;100149;133.040000000;110
SBER;0;20160601;100149;133.080000000;10
SBER;0;20160601;100149;133.020000000;200
SBER;0;20160601;100149;133.020000000;200
SBER;0;20160601;100149;133.020000000;1250
SBER;0;20160601;100149;133.040000000;1250
SBER;0;20160601;100149;133.020000000;180
SBER;0;20160601;100150;133.040000000;110
SBER;0;20160601;100150;133.030000000;200
SBER;0;20160601;100150;133.020000000;50
SBER;0;20160601;100150;133.010000000;720
SBER;0;20160601;100150;133.010000000;580
SBER;0;20160601;100150;133.010000000;460
SBER;0;20160601;100151;133.060000000;1250
SBER;0;20160601;100151;133.070000000;1970
SBER;0;20160601;100151;133.080000000;1250
SBER;0;20160601;100151;133.080000000;400
SBER;0;20160601;100151;133.080000000;1000
SBER;0;20160601;100151;133.090000000;3000
SBER;0;20160601;100151;133.090000000;1000
SBER;0;20160601;100151;133.090000000;130
SBER;0;20160601;100152;133.040000000;10
SBER;0;20160601;100153;133.030000000;1000
SBER;0;20160601;100153;133.070000000;500
SBER;0;20160601;100153;133.020000000;20
SBER;0;20160601;100153;133.020000000;10
SBER;0;20160601;100153;133.000000000;20
SBER;0;20160601;100153;133.000000000;20
SBER;0;20160601;100153;133.000000000;500
SBER;0;20160601;100153;133.000000000;430
SBER;0;20160601;100153;133.010000000;1250
SBER;0;20160601;100153;133.010000000;990
SBER;0;20160601;100154;133.060000000;350
SBER;0;20160601;100154;133.000000000;100
SBER;0;20160601;100154;133.000000000;1150
SBER;0;20160601;100155;133.030000000;100
SBER;0;20160601;100155;133.010000000;100
SBER;0;20160601;100155;133.010000000;100
SBER;0;20160601;100155;133.070000000;500
SBER;0;20160601;100155;133.080000000;1020
SBER;0;20160601;100155;133.050000000;150
SBER;0;20160601;100155;133.040000000;100
SBER;0;20160601;100156;133.050000000;380
SBER;0;20160601;100156;133.030000000;100
SBER;0;20160601;100156;133.020000000;1310
SBER;0;20160601;100157;133.030000000;10
SBER;0;20160601;100157;133.030000000;630
SBER;0;20160601;100157;133.030000000;10
SBER;0;20160601;100157;133.030000000;500
SBER;0;20160601;100157;133.020000000;1380
SBER;0;20160601;100157;133.030000000;500
SBER;0;20160601;100157;133.080000000;50
SBER;0;20160601;100157;133.000000000;290
SBER;0;20160601;100157;133.000000000;20
SBER;0;20160601;100158;133.000000000;5000
SBER;0;20160601;100158;133.000000000;10
SBER;0;20160601;100158;133.000000000;29680
SBER;0;20160601;100158;133.000000000;7000
SBER;0;20160601;100158;133.000000000;4010
SBER;0;20160601;100159;133.010000000;790
SBER;0;20160601;100159;133.010000000;710
SBER;0;20160601;100159;133.010000000;770
SBER;0;20160601;100200;133.010000000;90
SBER;0;20160601;100200;133.010000000;560
SBER;0;20160601;100201;133.050000000;80
SBER;0;20160601;100201;133.060000000;20
SBER;0;20160601;100201;133.060000000;20
SBER;0;20160601;100201;133.070000000;50
SBER;0;20160601;100201;133.020000000;10
SBER;0;20160601;100201;133.010000000;10
SBER;0;20160601;100201;133.000000000;19980
SBER;0;20160601;100203;133.050000000;150
SBER;0;20160601;100203;133.050000000;1670
SBER;0;20160601;100203;133.060000000;770
SBER;0;20160601;100203;133.060000000;230
SBER;0;20160601;100203;133.070000000;200
SBER;0;20160601;100203;133.070000000;1000
SBER;0;20160601;100203;133.070000000;10
SBER;0;20160601;100203;133.070000000;740
SBER;0;20160601;100203;133.070000000;10
SBER;0;20160601;100203;133.070000000;200
SBER;0;20160601;100203;133.080000000;570
SBER;0;20160601;100203;133.080000000;1000
SBER;0;20160601;100203;133.080000000;300
SBER;0;20160601;100204;133.070000000;1250
SBER;0;20160601;100204;133.070000000;1000
SBER;0;20160601;100204;133.080000000;49700
SBER;0;20160601;100204;133.090000000;3000
SBER;0;20160601;100204;133.090000000;1000
SBER;0;20160601;100204;133.090000000;20
SBER;0;20160601;100204;133.090000000;150
SBER;0;20160601;100204;133.090000000;200
SBER;0;20160601;100204;133.100000000;500
SBER;0;20160601;100204;133.100000000;5000
SBER;0;20160601;100204;133.100000000;1000
SBER;0;20160601;100204;133.100000000;1260
SBER;0;20160601;100204;133.100000000;100
SBER;0;20160601;100204;133.110000000;3000
SBER;0;20160601;100204;133.120000000;90
SBER;0;20160601;100204;133.120000000;1000
SBER;0;20160601;100204;133.130000000;20
SBER;0;20160601;100204;133.130000000;1000
SBER;0;20160601;100204;133.140000000;1210
SBER;0;20160601;100204;133.140000000;1000
SBER;0;20160601;100204;133.150000000;3000
SBER;0;20160601;100204;133.150000000;1000
SBER;0;20160601;100204;133.150000000;380
SBER;0;20160601;100204;133.150000000;20000
SBER;0;20160601;100204;133.150000000;300
SBER;0;20160601;100204;133.150000000;4200
SBER;0;20160601;100204;133.150000000;4500
SBER;0;20160601;100204;133.150000000;1250
SBER;0;20160601;100204;133.150000000;1000
SBER;0;20160601;100204;133.150000000;1900
SBER;0;20160601;100204;133.150000000;1250
SBER;0;20160601;100204;133.150000000;1000
SBER;0;20160601;100204;133.150000000;2500
SBER;0;20160601;100204;133.150000000;1000
SBER;0;20160601;100204;133.150000000;200
SBER;0;20160601;100204;133.150000000;100
SBER;0;20160601;100204;133.150000000;1250
SBER;0;20160601;100204;133.150000000;200
SBER;0;20160601;100204;133.150000000;5000
SBER;0;20160601;100204;133.150000000;1250
SBER;0;20160601;100204;133.150000000;100
SBER;0;20160601;100204;133.150000000;3000
SBER;0;20160601;100204;133.150000000;1000
SBER;0;20160601;100204;133.150000000;1250
SBER;0;20160601;100204;133.150000000;200
SBER;0;20160601;100204;133.150000000;10970
SBER;0;20160601;100204;133.150000000;1250
SBER;0;20160601;100204;133.150000000;2000
SBER;0;20160601;100204;133.150000000;1000
SBER;0;20160601;100204;133.150000000;5000
SBER;0;20160601;100204;133.150000000;100
SBER;0;20160601;100204;133.150000000;400
SBER;0;20160601;100204;133.150000000;1250
SBER;0;20160601;100204;133.150000000;100
SBER;0;20160601;100204;133.150000000;1250
SBER;0;20160601;100204;133.150000000;300
SBER;0;20160601;100204;133.150000000;100
SBER;0;20160601;100204;133.150000000;1250
SBER;0;20160601;100204;133.150000000;1250
SBER;0;20160601;100204;133.150000000;5000
SBER;0;20160601;100204;133.150000000;100
SBER;0;20160601;100204;133.150000000;1250
SBER;0;20160601;100204;133.150000000;100
SBER;0;20160601;100204;133.150000000;100
SBER;0;20160601;100204;133.150000000;1250
SBER;0;20160601;100204;133.150000000;1400
SBER;0;20160601;100205;133.150000000;5000
SBER;0;20160601;100205;133.150000000;1140
SBER;0;20160601;100205;133.150000000;3860
SBER;0;20160601;100205;133.150000000;1000
SBER;0;20160601;100205;133.150000000;340
SBER;0;20160601;100205;133.150000000;1250
SBER;0;20160601;100205;133.150000000;1200
SBER;0;20160601;100205;133.150000000;2180
SBER;0;20160601;100205;133.150000000;280
SBER;0;20160601;100205;133.150000000;200
SBER;0;20160601;100205;133.150000000;300
SBER;0;20160601;100205;133.150000000;4700
SBER;0;20160601;100205;133.150000000;300
SBER;0;20160601;100205;133.150000000;5000
SBER;0;20160601;100205;133.150000000;5000
SBER;0;20160601;100205;133.150000000;300
SBER;0;20160601;100205;133.150000000;200
SBER;0;20160601;100205;133.160000000;50
SBER;0;20160601;100205;133.160000000;50
SBER;0;20160601;100205;133.170000000;10
SBER;0;20160601;100205;133.150000000;4000
SBER;0;20160601;100205;133.150000000;5000
SBER;0;20160601;100205;133.150000000;15000
SBER;0;20160601;100205;133.150000000;5000
SBER;0;20160601;100205;133.150000000;290
SBER;0;20160601;100205;133.110000000;2500
SBER;0;20160601;100205;133.090000000;2500
SBER;0;20160601;100207;133.120000000;650
SBER;0;20160601;100208;133.150000000;10
SBER;0;20160601;100209;133.160000000;10
SBER;0;20160601;100209;133.160000000;90
SBER;0;20160601;100210;133.150000000;10
SBER;0;20160601;100210;133.170000000;40
SBER;0;20160601;100210;133.170000000;240
SBER;0;20160601;100210;133.170000000;720
SBER;0;20160601;100210;133.150000000;60
SBER;0;20160601;100210;133.130000000;40
SBER;0;20160601;100210;133.170000000;10
SBER;0;20160601;100212;133.160000000;40
SBER;0;20160601;100212;133.170000000;170
SBER;0;20160601;100212;133.110000000;650
SBER;0;20160601;100213;133.140000000;1000
SBER;0;20160601;100214;133.070000000;50
SBER;0;20160601;100214;133.040000000;200
SBER;0;20160601;100214;133.050000000;12000
SBER;0;20160601;100214;133.090000000;200
SBER;0;20160601;100215;133.050000000;200
SBER;0;20160601;100215;133.050000000;1050
SBER;0;20160601;100215;133.050000000;1250
SBER;0;20160601;100215;133.090000000;110
SBER;0;20160601;100215;133.090000000;300
SBER;0;20160601;100216;133.080000000;40
SBER;0;20160601;100217;133.050000000;100
SBER;0;20160601;100217;133.040000000;100
SBER;0;20160601;100217;133.060000000;50
SBER;0;20160601;100219;133.040000000;10
SBER;0;20160601;100219;133.040000000;90
SBER;0;20160601;100219;133.040000000;10
SBER;0;20160601;100219;133.040000000;90
SBER;0;20160601;100219;133.040000000;10
SBER;0;20160601;100219;133.020000000;90
SBER;0;20160601;100219;133.020000000;10
SBER;0;20160601;100219;133.020000000;790
SBER;0;20160601;100219;133.060000000;340
SBER;0;20160601;100219;133.040000000;1000
SBER;0;20160601;100219;133.040000000;10
SBER;0;20160601;100219;133.040000000;990
SBER;0;20160601;100220;133.040000000;1000
SBER;0;20160601;100220;133.060000000;500
SBER;0;20160601;100220;133.070000000;10
SBER;0;20160601;100220;133.080000000;80
SBER;0;20160601;100221;133.040000000;50
SBER;0;20160601;100222;133.050000000;10
SBER;0;20160601;100222;133.040000000;90
SBER;0;20160601;100223;133.040000000;860
SBER;0;20160601;100223;133.040000000;80
SBER;0;20160601;100223;133.040000000;680
SBER;0;20160601;100223;133.040000000;320
SBER;0;20160601;100223;133.030000000;1000
SBER;0;20160601;100223;133.020000000;880
SBER;0;20160601;100223;133.050000000;100
SBER;0;20160601;100224;133.060000000;50
SBER;0;20160601;100224;133.070000000;150
SBER;0;20160601;100226;133.060000000;500
SBER;0;20160601;100226;133.020000000;50
SBER;0;20160601;100226;133.010000000;10
SBER;0;20160601;100226;133.010000000;440
SBER;0;20160601;100226;133.010000000;110
SBER;0;20160601;100226;133.010000000;50
SBER;0;20160601;100226;133.010000000;200
SBER;0;20160601;100226;133.050000000;1000
SBER;0;20160601;100226;133.050000000;2000
SBER;0;20160601;100227;133.050000000;100
SBER;0;20160601;100227;133.050000000;100
SBER;0;20160601;100227;133.050000000;100
SBER;0;20160601;100227;133.050000000;100
SBER;0;20160601;100227;133.050000000;200
SBER;0;20160601;100227;133.050000000;400
SBER;0;20160601;100228;133.030000000;10
SBER;0;20160601;100229;133.000000000;1500
SBER;0;20160601;100230;133.020000000;2000
SBER;0;20160601;100230;133.020000000;10
SBER;0;20160601;100230;133.030000000;390
SBER;0;20160601;100230;133.040000000;1000
SBER;0;20160601;100230;133.050000000;420
SBER;0;20160601;100230;133.050000000;190
SBER;0;20160601;100231;133.010000000;1000
SBER;0;20160601;100231;133.000000000;4000
SBER;0;20160601;100231;133.000000000;22000
SBER;0;20160601;100231;133.000000000;30
SBER;0;20160601;100231;133.010000000;6000
SBER;0;20160601;100232;133.020000000;100
SBER;0;20160601;100234;133.020000000;10
SBER;0;20160601;100235;133.010000000;4000
SBER;0;20160601;100235;133.010000000;100
SBER;0;20160601;100235;133.000000000;1290
SBER;0;20160601;100236;133.000000000;10
SBER;0;20160601;100237;133.000000000;30
SBER;0;20160601;100237;133.020000000;90
SBER;0;20160601;100237;133.020000000;1790
SBER;0;20160601;100237;133.030000000;390
SBER;0;20160601;100237;133.030000000;10
SBER;0;20160601;100237;133.030000000;50
SBER;0;20160601;100237;133.040000000;350
SBER;0;20160601;100238;133.000000000;5000
SBER;0;20160601;100239;133.000000000;40000
SBER;0;20160601;100239;133.000000000;700
SBER;0;20160601;100239;133.000000000;300
SBER;0;20160601;100239;133.000000000;3000
SBER;0;20160601;100239;133.000000000;2400
SBER;0;20160601;100239;133.000000000;1200
SBER;0;20160601;100239;133.000000000;100
SBER;0;20160601;100239;133.000000000;4000
SBER;0;20160601;100239;133.000000000;2000
SBER;0;20160601;100239;133.000000000;800
SBER;0;20160601;100239;133.000000000;50
SBER;0;20160601;100239;133.000000000;5920
SBER;0;20160601;100239;133.000000000;6820
SBER;0;20160601;100239;133.000000000;1130
SBER;0;20160601;100239;133.000000000;850
SBER;0;20160601;100239;133.000000000;900
SBER;0;20160601;100239;133.000000000;1000
SBER;0;20160601;100239;133.000000000;150
SBER;0;20160601;100239;133.000000000;1000
SBER;0;20160601;100239;133.000000000;1000
SBER;0;20160601;100239;133.000000000;300
SBER;0;20160601;100239;133.000000000;800
SBER;0;20160601;100239;133.000000000;2670
SBER;0;20160601;100239;133.000000000;7320
SBER;0;20160601;100239;133.000000000;8480
SBER;0;20160601;100239;133.000000000;160
SBER;0;20160601;100239;133.000000000;1800
SBER;0;20160601;100240;133.000000000;10
SBER;0;20160601;100240;133.000000000;2500
SBER;0;20160601;100240;133.000000000;5600
SBER;0;20160601;100240;133.000000000;50
SBER;0;20160601;100240;133.000000000;4000
SBER;0;20160601;100240;133.000000000;3000
SBER;0;20160601;100240;133.000000000;2500
SBER;0;20160601;100240;133.000000000;3000
SBER;0;20160601;100240;133.000000000;50
SBER;0;20160601;100240;133.000000000;500
SBER;0;20160601;100240;133.000000000;26090
SBER;0;20160601;100240;133.000000000;1000
SBER;0;20160601;100240;133.000000000;120
SBER;0;20160601;100240;133.000000000;10
SBER;0;20160601;100240;133.000000000;1300
SBER;0;20160601;100240;133.000000000;1870
SBER;0;20160601;100240;133.000000000;10
SBER;0;20160601;100240;133.000000000;500
SBER;0;20160601;100240;133.000000000;380
SBER;0;20160601;100240;133.000000000;10
SBER;0;20160601;100240;133.000000000;1000
SBER;0;20160601;100240;133.000000000;100
SBER;0;20160601;100240;132.980000000;9130
SBER;0;20160601;100240;132.960000000;50
SBER;0;20160601;100240;132.960000000;80
SBER;0;20160601;100240;132.970000000;3000
SBER;0;20160601;100241;132.960000000;1000
SBER;0;20160601;100241;132.980000000;100
SBER;0;20160601;100241;132.960000000;10
SBER;0;20160601;100241;132.980000000;770
SBER;0;20160601;100241;132.980000000;500
SBER;0;20160601;100242;132.960000000;120
SBER;0;20160601;100242;132.960000000;4990
SBER;0;20160601;100243;132.960000000;660
SBER;0;20160601;100243;132.960000000;200
SBER;0;20160601;100244;132.960000000;2890
SBER;0;20160601;100244;132.950000000;10
SBER;0;20160601;100244;132.940000000;50
SBER;0;20160601;100244;132.940000000;140
SBER;0;20160601;100245;132.940000000;1000
SBER;0;20160601;100245;132.930000000;500
SBER;0;20160601;100246;132.930000000;500
SBER;0;20160601;100246;132.930000000;100
SBER;0;20160601;100246;132.930000000;70
SBER;0;20160601;100246;132.940000000;500
SBER;0;20160601;100246;132.940000000;500
SBER;0;20160601;100246;132.930000000;30
SBER;0;20160601;100246;132.930000000;1000
SBER;0;20160601;100246;132.920000000;8470
SBER;0;20160601;100247;132.940000000;1000
SBER;0;20160601;100247;132.940000000;760
SBER;0;20160601;100247;132.940000000;240
SBER;0;20160601;100247;132.930000000;180
SBER;0;20160601;100247;132.940000000;210
SBER;0;20160601;100247;132.940000000;440
SBER;0;20160601;100247;132.940000000;200
SBER;0;20160601;100247;132.940000000;150
SBER;0;20160601;100247;132.930000000;560
SBER;0;20160601;100247;132.940000000;350
SBER;0;20160601;100247;132.940000000;350
SBER;0;20160601;100247;132.940000000;150
SBER;0;20160601;100247;132.940000000;150
SBER;0;20160601;100247;132.930000000;260
SBER;0;20160601;100247;132.920000000;810
SBER;0;20160601;100247;132.920000000;200
SBER;0;20160601;100247;132.930000000;140
SBER;0;20160601;100247;132.930000000;760
SBER;0;20160601;100247;132.930000000;100
SBER;0;20160601;100247;132.920000000;520
SBER;0;20160601;100247;132.920000000;50
SBER;0;20160601;100247;132.920000000;370
SBER;0;20160601;100247;132.920000000;450
SBER;0;20160601;100247;132.930000000;1000
SBER;0;20160601;100247;132.920000000;180
SBER;0;20160601;100247;132.910000000;10
SBER;0;20160601;100247;132.910000000;1000
SBER;0;20160601;100247;132.900000000;3000
SBER;0;20160601;100247;132.900000000;1000
SBER;0;20160601;100247;132.890000000;1000
SBER;0;20160601;100247;132.880000000;1000
SBER;0;20160601;100247;132.880000000;7000
SBER;0;20160601;100247;132.880000000;200
SBER;0;20160601;100247;132.870000000;790
SBER;0;20160601;100247;132.870000000;50
SBER;0;20160601;100247;132.870000000;1000
SBER;0;20160601;100247;132.860000000;170
SBER;0;20160601;100247;132.860000000;1720
SBER;0;20160601;100247;132.860000000;1090
SBER;0;20160601;100247;132.870000000;200
SBER;0;20160601;100247;132.880000000;170
SBER;0;20160601;100247;132.940000000;30
SBER;0;20160601;100250;132.950000000;10
SBER;0;20160601;100251;132.950000000;100
SBER;0;20160601;100251;132.940000000;1970
SBER;0;20160601;100251;132.950000000;190
SBER;0;20160601;100251;132.950000000;1710
SBER;0;20160601;100251;132.970000000;10
SBER;0;20160601;100254;132.960000000;50
SBER;0;20160601;100254;132.960000000;10
SBER;0;20160601;100254;132.980000000;10
SBER;0;20160601;100254;132.980000000;50
SBER;0;20160601;100255;132.990000000;4390
SBER;0;20160601;100255;132.980000000;610
SBER;0;20160601;100255;132.990000000;160
SBER;0;20160601;100255;133.000000000;7730
SBER;0;20160601;100255;132.990000000;4620
SBER;0;20160601;100255;133.000000000;2580
SBER;0;20160601;100255;133.000000000;7300
SBER;0;20160601;100255;133.000000000;40000
SBER;0;20160601;100255;133.000000000;1110
SBER;0;20160601;100255;133.000000000;10000
SBER;0;20160601;100255;133.000000000;10000
SBER;0;20160601;100255;133.010000000;500
SBER;0;20160601;100255;133.030000000;10
SBER;0;20160601;100255;133.030000000;10
SBER;0;20160601;100255;133.030000000;10
SBER;0;20160601;100255;133.040000000;50
SBER;0;20160601;100255;133.040000000;900
SBER;0;20160601;100255;133.050000000;790
SBER;0;20160601;100255;133.050000000;4210
SBER;0;20160601;100256;133.030000000;30
SBER;0;20160601;100258;133.050000000;500
SBER;0;20160601;100258;133.050000000;700
SBER;0;20160601;100301;133.020000000;100
SBER;0;20160601;100301;133.020000000;200
SBER;0;20160601;100302;133.030000000;50
SBER;0;20160601;100302;133.030000000;140
SBER;0;20160601;100302;133.050000000;1310
SBER;0;20160601;100302;133.060000000;1000
SBER;0;20160601;100302;133.060000000;200
SBER;0;20160601;100302;133.070000000;1000
SBER;0;20160601;100302;133.070000000;200
SBER;0;20160601;100303;133.080000000;1000
